2812 4898
242 415 284 499 aa
534 415 603 482 nn
628 365 1012 484 raovmnnrm

239 546 419 626 tormenti,
441 560 533 614 tanto
552 544 629 639 plus
647 546 714 612 erit
738 545 866 638 glorian
894 546 953 612 Vis
979 545 1086 626 seire,
1110 569 1211 637 quam
1236 563 1306 614 nou=

238 658 402 750 poeniteat
414 658 480 726 boe
492 659 603 750 pretio
617 659 796 726 aestimasse
808 658 967 725 virtutem
981 658 996 724 i
1010 657 1124 726 Refice
1138 675 1176 726 tu
1191 659 1299 742 ilium,

239 790 273 842 et
289 775 384 862 mitte
402 775 438 841 in
461 789 613 842 senatum
638 801 645 840 :
668 772 819 842 eamdem
837 775 1038 842 sententiam
1055 773 1182 842 dieet¹.
1212 777 1305 844 Feli-

239 889 363 956 ciorem
379 909 461 978 ergo
480 903 517 954 tu
534 890 753 956 Maecenatem
763 892 776 919 ²
791 902 908 980 putas,
926 887 982 953 cui
995 887 1166 954 amoribus
1179 890 1301 970 anxio,

238 1019 273 1072 et
295 1025 434 1071 morosae
461 1003 574 1070 uxoris
600 1001 796 1094 quotidiana
821 1001 969 1095 repudia,
985 1000 1147 1082 deflenti,
1168 1021 1305 1071 somnus

237 1143 302 1213 per
320 1120 594 1212 symphoniarum
611 1135 768 1202 cantum,
788 1143 829 1186 ex
847 1117 1036 1211 longinquo
1051 1120 1129 1188 lene
1143 1143 1307 1189 resonan-

239 1234 345 1314 tium,
367 1233 557 1323 quaeritur?
572 1236 668 1301 Mero
692 1257 728 1300 se
748 1232 828 1300 licet
849 1233 978 1325 sopiat,
1003 1248 1039 1300 et
1055 1257 1221 1324 aquarum
1238 1235 1307 1300 ira-

240 1343 403 1440 goribus³
423 1363 558 1430 avocet,
581 1365 615 1416 et
638 1348 731 1416 mille
750 1347 977 1440 voluptatibus
1004 1364 1150 1416 mentem
1171 1351 1307 1416 anxiam

240 1462 334 1538 fallat
348 1489 357 1548 3
375 1478 442 1532 tam
456 1463 611 1557 vigilabit
623 1465 660 1530 in
673 1463 787 1557 pluma
798 1455 825 1547 Ι,
844 1487 943 1554 quam
958 1463 1016 1531 ille
1030 1463 1067 1531 in
1081 1488 1182 1532 cruce
1195 1458 1220 1530 ⁵.
1239 1464 1308 1534 Sed

239 1575 290 1644 illi
310 1576 463 1644 solatium
485 1596 555 1660 est,
578 1602 641 1670 pro
655 1579 797 1646 honesto
819 1577 903 1646 dura
922 1578 1091 1662 tolerare,
1114 1595 1149 1647 et
1164 1579 1209 1647 ad
1223 1603 1308 1648 cau-

240 1715 343 1758 sama
364 1694 526 1786 patientia
548 1695 686 1786 respicit
705 1721 711 1760 :
729 1695 821 1761 hunc
844 1694 1071 1787 voluptatibus
1093 1693 1307 1775 marcidum,

239 1822 274 1873 et
297 1806 457 1876 felicitate
481 1806 586 1874 nimia
609 1807 837 1887 laborantem,
862 1809 968 1900 magis
995 1807 1048 1874 his
1077 1833 1153 1898 quae
1178 1811 1309 1900 patitur

238 1939 337 1990 vexat
354 1947 454 1991 causa
472 1922 636 2017 patiendi.
659 1927 735 1990 Non
754 1946 861 2015 usque
881 1947 920 1990 eo
935 1925 971 1990 in
987 1926 1231 2016 possessionem
1250 1950 1310 2018 ge-

241 2039 332 2106 neris
346 2039 486 2105 humani
500 2039 583 2106 vitia
594 2052 783 2120 venerunt,
798 2053 835 2105 ut
847 2037 987 2106 dubium
1001 2040 1063 2120 sit,
1081 2064 1125 2108 an
1139 2037 1309 2108 eldctione

241 2155 301 2222 fati
313 2152 391 2222 data
405 2204 414 2237 ‚
430 2153 546 2247 plures
554 2154 679 2246 Reguli
694 2155 809 2235 nasci,
826 2178 926 2245 quam
940 2158 1142 2223 Maecenates
1159 2151 1305 2226 ⁶velint.

241 2269 310 2337 Aut
332 2271 360 2336 ai
387 2273 463 2362 quis
488 2271 609 2352 fuerit,
637 2271 697 2362 qui
717 2267 840 2338 audeat
863 2269 1000 2354 dicere,
1026 2275 1247 2342 Maeeenatem
1274 2301 1310 2344 se

238 2463 293 2515 viro
307 2464 390 2516 somni
404 2465 502 2537 copiam
519 2465 612 2520 (laum.
630 2463 748 2526 Tullius,
798 2475 907 2517 moratur.
926 2462 964 2516 Cf.
985 2463 1120 2516 Meibomii
1138 2464 1189 2516 rite
1207 2464 1311 2520 Mure-

238 2541 266 2593 in
277 2541 408 2594 Pisonem:
418 2565 430 2588 a
440 2542 478 2593 M.
487 2543 613 2616 Regulum
624 2541 749 2611 illigatum
798 2541 861 2592 natis
870 2579 877 2604 ,
894 2539 954 2593 1635
964 2541 1082 2615 Lugdun.

238 2619 266 2672 in
277 2619 395 2674 machina
405 2623 503 2674 resectis
513 2621 636 2695 palpebris
648 2619 749 2672 Cartba-
831 2617 854 2670 3.
861 2619 1003 2688 Aqumm
1005 2619 1169 2690 fragoribus.
1178 2623 1219 2674 Ad
1229 2644 1311 2697 aquas

238 2696 366 2770 ginienses
379 2699 511 2772 vigilando
525 2710 686 2751 necaverunt.
700 2719 714 2744 a
798 2706 821 2745 et
835 2694 947 2747 minutos
959 2695 1067 2768 Euripos
1080 2709 1188 2768 spectat,
1202 2700 1249 2768 qui
1267 2723 1313 2774 per

263 2771 296 2825 ἰ.
306 2776 599 2828 Eumdemsententiam
613 2777 686 2828 dicet.
697 2775 749 2826 Ne·
797 2771 949 2826 coeuationes
958 2773 1074 2846 inprimis
1084 2775 1181 2828 restitas
1193 2776 1309 2832 divitum

238 2851 307 2924 gabit
324 2873 415 2926 nempe
429 2852 518 2906 debere
532 2854 642 2922 captivos
657 2853 748 2904 Roma·
797 2861 821 2900 et
848 2849 1033 2903 luxuriosorum
1061 2850 1153 2904 deduci
1181 2855 1310 2910 solebant.

238 2949 285 2980 nos
297 2929 396 2984 redimi.
411 2931 498 2982 Horat.
512 2929 557 2982 lib.
571 2930 623 2992 ΙΙΙ,
640 2929 690 2980 Od.
705 2946 747 2993 tv,
798 2925 891 2993 Quaest.
912 2927 968 2981 Nat.
989 2927 1033 2980 lib.
1056 2930 1108 2994 ΙΙΙ,
1133 2951 1185 3004 cap.
1210 2937 1310 3004 17.De
1391 2983 1392 3006 p

238 3005 283 3060 fin.
295 3031 308 3056 a
317 3007 494 3078 Atquisciebat
504 3026 560 3078 quae
569 3007 618 3060 sibi
628 3005 747 3062 barbarus
796 3004 889 3075 Tranq·
903 3005 945 3058 lib.
957 3008 978 3058 Ι.
1391 3009 1392 3022 ’

238 3087 330 3139 Tortor
352 3101 467 3159 pararet,
491 3107 545 3140 non
570 3086 643 3138 aliter
663 3099 747 3138 tamen
828 3087 852 3148 4.
869 3083 937 3136 Tam
948 3085 1071 3154 vigilabit
1080 3091 1108 3138 in
1118 3091 1222 3155 pluma.
1231 3089 1310 3142 Mar·
1391 3083 1392 3122 7

237 3165 369 3232 Dimovit,
390 3178 435 3217 etc.
452 3188 464 3210 a
483 3163 619 3216 simillime
639 3163 745 3230 Cicero,
795 3160 845 3212 iial.
868 3161 910 3214 lib.
929 3163 985 3228 IX,
1006 3163 1093 3237 Epigr.
1114 3179 1197 3228 xcllt,
1216 3185 1255 3218 vs.
1275 3172 1310 3234 4:

237 3242 268 3293 de
288 3241 365 3295 offic.
384 3242 429 3294 lib.
450 3245 488 3294 ΙΙΙ
507 3260 513 3293 :
534 3243 647 3312 «Neque
662 3255 746 3295 tamen
796 3238 1308 3314 «Pervigilinplumacaimeceejaeet»
1391 3255 1392 3302 f

237 3318 371 3392 ignorabat
389 3339 415 3372 se
430 3321 460 3372 ad
479 3319 680 3374 crudelissimum
697 3320 747 3372 ho-
794 3316 1308 3384 Hor.lib.lii,Od.1‚2o:nNonrviurn
1391 3319 1392 3350 f

235 3409 309 3456 stem,
321 3411 346 3449 et
358 3398 391 3449 sd
406 3397 527 3468 exquisita
538 3398 660 3470 supplicia
670 3397 747 3471 profi·
795 3395 946 3467 eitbaraeque
975 3411 1063 3450 cantus
1077 3398 1201 3451 Somnum
1224 3403 1308 3454 redu-

237 3474 316 3540 circi,
338 3479 382 3530 sed
401 3476 577 3549 jusjurandum
597 3496 746 3530 conserven-
795 3485 860 3522 ceni·
872 3493 885 3518 s

237 3551 298 3604 dum
310 3554 424 3626 putabet!
437 3577 450 3602 n
829 3553 851 3602 5.
869 3552 953 3604 Cmce·
969 3552 997 3605 ld
1015 3565 1066 3619 est,
1086 3552 1204 3606 machine
1218 3552 1309 3626 lignea

270 3650 293 3682 α.
317 3632 494 3690 Moeoenatem.
516 3631 583 3684 Plin.
603 3631 659 3683 Nat.
680 3631 745 3688 Hist,
795 3627 967 3680 ferreisolavis
977 3628 1077 3702 praeiixa
1089 3643 1113 3682 et
1123 3630 1246 3702 supplicio
1255 3632 1307 3685 Re-

235 3706 280 3760 iib.
293 3709 358 3772 vll,
369 3729 422 3782 cap.
432 3712 478 3774 5²,
489 3709 553 3762 febri
563 3721 687 3781 perpetue
695 3709 743 3761 boc
794 3706 848 3776 guli
861 3721 1002 3778 comparet·
1011 3747 1017 3772 ,
1027 3709 1087 3762 alias
1097 3723 1120 3762 et
1129 3729 1191 3762 arra
1203 3711 1248 3782 Ep.
1260 3711 1305 3777 67,

235 3784 340 3852 tribuit,
360 3785 430 3857 quod
450 3787 541 3839 Noster
559 3786 625 3851 (boe
644 3787 701 3838 ioco
720 3800 744 3838 et
793 3784 921 3858 appellate.
935 3787 1008 3840 Hane
1020 3787 1145 3840 Gronorii
1158 3788 1306 3859 explicatio-

235 3863 282 3935 Ep.
307 3865 364 3929 114,
388 3876 443 3936 post
465 3863 542 3930 init.)
562 3862 694 3937 zelotypia
715 3863 743 3916 in
792 3879 852 3912 nem
861 3865 965 3931 praefero
975 3864 1307 3935 LipsianaeetSainrssianae

236 3960 338 3994 uxorem
348 3943 492 3996 Terentiam
508 3955 532 3994 et
546 3941 742 4016 pulcherrimam
794 3938 1012 4015 (deCrute,pag.
1037 3943 1080 4014 49γ
1096 3947 1122 4004 Ι,
1142 3963 1192 4014 qua
1204 3957 1305 4017 recepta

234 4031 259 4070 et
269 4017 373 4072 infidam
385 4059 392 4086 ,
405 4020 497 4093 quippe
507 4019 538 4072 ab
550 4019 665 4092 Augusto
677 4039 745 4070 ama·
793 4037 852 4069 crux
863 4038 936 4070 sensu
948 4019 1049 4092 proprio
1060 4033 1207 4074 sumeretur.

235 4109 302 4165 tam,
316 4097 439 4169 assignat,
450 4110 474 4149 et
487 4118 500 4150 a
520 4099 600 4151 Dion.
618 4097 685 4150 Cass.
697 4097 744 4150 lib.
825 4095 849 4148 6.
862 4097 923 4148 Nou
936 4115 1016 4161 usque
1032 4115 1061 4148 eo
1063 4134 1127 4148 ........
1142 4099 1228 4150 velint.
1241 4097 1304 4148 Pos-

235 4172 305 4240 Ltv,
318 4193 424 4248 caprp,
439 4187 462 4226 et
473 4174 516 4227 lib.
526 4175 580 4239 LV,
590 4195 642 4245 rap.
655 4195 677 4239 7,
691 4194 743 4224 me·
791 4173 904 4226 sidentur
924 4173 1029 4244 quidem
1055 4172 1171 4227 homines
1193 4194 1207 4226 s
1232 4173 1302 4226 vitiis
