2812 4898
256 377 296 442 50

254 499 408 572 reliquorum
419 499 545 566 filiorum,
558 502 601 574 qui
614 504 639 554 iu
656 522 686 556 eu
697 503 742 556 tuti
756 503 823 568 siut,
840 514 980 555 utmatrem
995 503 1173 566 consolentur3
1196 512 1311 574 nepotes,

255 593 280 633 et
295 581 346 654 ipse
356 595 433 655 pater.
447 583 530 637 XVll.
541 584 659 656 Denique
672 604 797 650 sororem,
816 583 950 636 mulierem
966 583 1209 658 praestantissimam,
1225 599 1313 652 magno

255 663 308 735 ejus
316 665 404 719 solatio
412 667 465 720 lore
474 680 572 730 mouet,
587 682 704 741 oratque,
719 679 746 720 ut
758 667 877 724 sulatum
892 681 966 740 atque
981 667 1089 720 alacrem
1097 668 1197 739 cogitet

288 746 374 814 Quum
391 747 502 810 Seneca,
516 749 657 804 Messaliuoe
674 749 977 802 invidiainteradulteros
988 750 1080 814 tutia,
1094 747 1240 801 Germanici
1249 743 1317 806 filie.

255 830 408 884 hauddubie
418 833 564 900 falsissime,
575 848 718 900 accusatus,
730 836 757 888 in
766 835 897 888 Corsicam
904 834 1026 909 relegatus
1033 837 1175 898 esset(ann.
1185 833 1217 885 U.
1227 831 1257 884 C.
1264 831 1315 900 794·

255 914 306 966 Dio
327 913 395 967 Cass.
410 915 453 968 lib.
465 917 510 966 Lx
520 955 527 980 ,
539 937 560 970 c.
571 917 594 969 8.
608 922 626 986 ),
637 919 859 991 quadragesimum
870 921 923 971 lere
936 918 1106 990 annumegit,
1117 918 1168 989 jaus
1179 915 1275 968 dudum
1286 911 1316 964 oh

256 995 432 1048 claritudinem
450 996 608 1063 studiorum,
627 1012 655 1052 ut
665 1000 746 1053 Taciti
763 1000 845 1054 serbis
857 1003 867 1067 (
882 998 974 1052 Anual.
982 999 1025 1052 lib.
1037 998 1104 1058 llll,
1127 1016 1180 1070 cap.
1192 997 1216 1048 8.
1228 999 1239 1062 )
1249 1008 1316 1054 utar,

256 1071 413 1152 conspicuus.
423 1081 479 1135 Hoc
491 1083 604 1135 exsilium
617 1104 661 1156 per
668 1097 726 1135 octo
738 1104 818 1136 annos
829 1083 933 1136 tolerare
946 1082 1034 1135 debuit
1043 1084 1213 1145 (memoratur
1224 1079 1276 1151 ejus
1285 1097 1320 1130 re·

257 1163 323 1216 ditus
333 1185 346 1217 a
357 1165 434 1218 Dion.
448 1165 515 1218 Cass.
526 1166 570 1220 lib.
578 1169 636 1232 LX,
647 1189 698 1243 cap.
710 1167 757 1232 31,
770 1168 802 1220 ad
810 1189 868 1220 aun.
882 1169 941 1232 dou
952 1170 983 1220 cf.
996 1168 1075 1219 Tacit
1084 1168 1133 1218 loc.
1143 1168 1234 1230 mem.)
1248 1163 1321 1234 Cujus

256 1250 350 1300 fruetus
362 1249 467 1300 eximius
475 1262 510 1302 est
520 1250 660 1303 consolatio
670 1251 702 1303 ad
716 1251 834 1303 Helviam
843 1251 882 1316 (in
891 1251 951 1302 Μιι.
961 1249 1208 1314 llehiam,llelbiam
1217 1246 1323 1324 appella·

259 1333 323 1396 tam)
331 1341 446 1394 matrem,
453 1331 494 1383 vel
503 1351 533 1384 eo
543 1333 649 1385 nomine
661 1333 748 1404 magni
756 1331 884 1396 facienda,
895 1333 964 1404 quod
972 1331 1075 1384 etuuica
1085 1345 1155 1383 estex
1162 1331 1193 1382 iis
1203 1368 1211 1394 ,
1222 1347 1279 1402 quse
1289 1347 1324 1378 us·

257 1427 308 1480 que
315 1411 346 1462 ad
353 1430 411 1462 eum
418 1412 580 1481 scriptaesunt
590 1453 597 1482 ,
606 1412 835 1478 consolationibus,
848 1427 872 1466 et
878 1413 947 1483 quod
955 1411 1115 1466 dulcedinem
1126 1411 1322 1484 aliquamsecum

257 1495 310 1547 lert
320 1495 351 1548 ab
364 1497 446 1550 exsule
458 1499 485 1552 in
496 1519 598 1552 suorum
610 1500 729 1552 solatium
739 1499 888 1572 conscripta.
898 1498 1005 1551 Nullum
1015 1499 1084 1552 enirn
1095 1520 1125 1551 ex
1135 1497 1206 1550 libris
1218 1498 1251 1549 de
1259 1496 1326 1554 luctu

257 1580 395 1634 minuendo
404 1595 462 1635 ante
470 1583 593 1636 Senecam
602 1584 689 1637 litteris
702 1583 825 1641 mandatis
836 1585 868 1636 ad
877 1597 961 1636 nostra
972 1596 1083 1658 tempora
1090 1581 1232 1658 pervenisse
1240 1595 1325 1634 notum

257 1677 300 1718 est
317 1668 347 1718 ln
358 1667 463 1738 quihus,
475 1669 524 1722 uisi
536 1670 649 1744 primus,
668 1669 843 1723 celeberrimus
861 1681 945 1721 tamen
963 1668 1010 1720 tuis
1023 1667 1151 1720 Crantoris
1162 1667 1255 1719 veteris
1269 1669 1328 1720 Aca·

257 1750 369 1818 demiei(
386 1751 443 1805 circ.
456 1751 559 1825 Olymp.
579 1753 694 1817 CXVI.)
711 1753 829 1818 libellus,
845 1773 897 1804 non
910 1773 1017 1828 magnus
1029 1753 1072 1805 ille
1086 1752 1203 1824 quidem,
1221 1751 1268 1804 sed
1285 1771 1327 1802 au·

211 1855 213 1864 ’
257 1832 359 1900 reolus,
378 1848 417 1900 et,
431 1848 458 1888 ut
469 1835 600 1889 Tuberoni
612 1837 739 1890 Pancetius
751 1837 884 1910 praecepit,
902 1837 933 1888 ad
946 1837 1051 1888 verbum
1064 1835 1231 1900 ediscendus,
1250 1833 1326 1887 utCi·

258 1935 342 1968 cerou.
352 1875 433 1969 verbis
449 1917 527 1970 Acad
540 1917 591 1986 Ωιι
604 1917 648 1970 lib.
661 1919 709 1984 lV,
727 1939 748 1970 c.
762 1920 794 1986 44
779 1922 869 1986 4ιιιιι.
882 1921 995 1977 Vocatur
1010 1938 1049 1994 ap.
1067 1917 1119 1970 Cic.
1135 1918 1224 1970 Tusce
1238 1916 1390 1998 Dispp

258 1999 302 2051 lib.
316 2001 327 2051 l
333 2020 404 2072 ,.cap
414 2000 446 2066 48
459 1999 617 2052 Consolatio:
626 1956 893 2056 consolabaturautem
905 2001 952 2054 hoc
965 2001 1145 2054 commentario
1158 2001 1327 2074 llippoclem,
1389 1977 1390 2098 4

259 2105 303 2156 qur
295 2083 428 2137 liliorum
440 2100 546 2139 mortem
557 2086 665 2160 lugebat
675 2087 708 2140 Ρι
719 2087 829 2158 Diogen
846 2091 925 2140 laert
936 2087 980 2139 lib
988 2087 1081 2150 lV,ca
1054 2107 1167 2162 ca..p27
1161 2087 1324 2154 ῑθαυμᾰζιτιιι
1389 2081 1390 2146 4

259 2171 330 2224 di'
304 2179 377 2222 (ιντοῦ
396 2175 494 2237 μάλιστα
507 2173 634 2238 findilur
613 2175 703 2241 compl
723 2175 822 2235 etstan,
834 2191 841 2224 ι
855 2173 899 2224 ubi
916 2173 968 2226 vid.
980 2173 1082 2244 Menag.
1097 2173 1166 2224 Eum
1178 2185 1279 2224 secutus
1294 2183 1329 2222 cst
1389 2155 1390 2244 4

258 2251 297 2304 M.
309 2251 339 2303 T.
351 2251 441 2303 Cicero
453 2253 480 2303 in
489 2253 660 2306 consolatione
668 2253 744 2320 liliae,
755 2267 814 2306 teste
822 2253 909 2306 Plinio
922 2253 1053 2310 Natllist.
1061 2253 1130 2328 pref.
1139 2253 1196 2326 p.8.
1205 2253 1237 2303 Τ.
1245 2253 1266 2316 l,
1274 2251 1328 2324 Bip.
1389 2247 1390 2310 J

261 2338 346 2407 Quam
356 2337 384 2389 in
396 2337 524 2390 Ciceronis
534 2339 651 2414 operibus
662 2340 768 2412 legimus
782 2339 981 2396 consolationem
992 2381 999 2407 ,
1008 2360 1059 2392 esse
1070 2361 1084 2395 a
1093 2339 1150 2392 Car.
1160 2338 1271 2412 Siguuio
1280 2357 1332 2411 per·

260 2423 392 2495 scriptam,
413 2423 479 2474 iuter
490 2443 578 2476 omnes
595 2437 700 2476 constat.
722 2425 882 2477 Metrodorus
900 2425 1038 2504 Epicureus
1051 2444 1151 2498 quoque
1168 2423 1332 2476 Atheniensis
1389 2419 1390 2498 4

264 2513 274 2576 4
287 2507 473 2582 Lampsacenus
484 2507 544 2560 alias
555 2509 634 2562 dictus
647 2511 656 2572 )
666 2509 807 2582 composuit
819 2509 1042 2574 Consolationem,
1054 2529 1104 2582 qna
1115 2507 1206 2560 sororis
1219 2505 1332 2568 luc-sum,
1389 2521 1390 2584 4

263 2592 354 2644 amisso
367 2589 633 2664 optimaeindulisfilio
636 2591 781 2664 ,smitigare
772 2593 884 2658 studuit,
899 2593 1017 2646 aSeneca
1031 2593 1106 2668 Epist.
1123 2593 1169 2668 98,
1185 2613 1228 2664 par
1217 2605 1255 2644 rte
1268 2589 1334 2644 med.
1389 2595 1390 2654 4

263 2675 400 2730 laudatam.
416 2675 518 2729 Clarum
527 2675 687 2744 luitquidem
700 2695 793 2726 nomen
802 2677 828 2728 in
840 2677 996 2747 antiquitate,
1007 2678 1050 2730 sed
1063 2676 1173 2728 libros'
1152 2695 1205 2748 epus
1216 2696 1271 2731 non
1284 2678 1335 2726 lere
1389 2661 1390 2750 4

265 2770 438 2834 praetersuos,
449 2754 602 2807 eiCiceroni
618 2759 628 2822 (
641 2755 730 2808 Tusce
747 2759 837 2832 Dispp
848 2759 892 2811 tiu
907 2763 944 2820 ll,
958 2781 1002 2832 cap
1021 2759 1140 2828 3)lides
1153 2759 1271 2812 habenda
1290 2757 1333 2814 sit.
1389 2755 1390 2838 4

263 2842 396 2914 quisquam
406 2839 433 2890 in
443 2859 533 2890 manus
542 2839 637 2891 sumsit.
649 2839 770 2891 Enimvr
727 2861 770 2892 vre
771 2863 786 2894 o
798 2863 905 2914 quum
886 2845 986 2918 Epicuri
993 2844 1091 2896 asseclis
1098 2845 1177 2896 lloma
1182 2841 1334 2904 abundaret
1389 2885 1390 2890 ,

263 2945 316 2979 non
329 2924 497 2978 dubitandum
511 2939 546 2978 est
557 2947 609 2996 ,qu
614 2925 639 2976 in
651 2939 674 2979 et
687 2927 730 2982 iste
746 2927 842 2984 libellus
853 2931 937 2983 multis
951 2932 1028 2984 lectus
1042 2931 1125 2983 suerit.
1140 2930 1242 2982 Omitto
1250 2929 1337 2982 Theo

265 3013 393 3091 phrastnm
405 3054 412 3078 ,
423 3013 493 3084 cujus
505 3012 670 3066 Callisthenes
683 3055 688 3076 ,
700 3034 742 3070 seu
755 3015 785 3067 de
797 3016 881 3078 luctu,
894 3037 945 3086 quo
957 3015 1116 3073 Callisthenis
1126 3015 1201 3068 amici
1213 3015 1254 3066 sui
1269 3033 1337 3066 mor·

265 3111 316 3150 tem
330 3097 362 3150 ab
374 3095 516 3148 Alexandro
529 3095 599 3148 Μ.ιί
612 3095 732 3148 indictam
745 3097 831 3170 luget,
855 3095 940 3170 magni
960 3097 1038 3150 luctus
1051 3110 1097 3160 est,
1118 3098 1127 3160 (
1140 3096 1192 3149 Cic.
1203 3094 1280 3149 Tusc.
1290 3095 1335 3146 lib.
1389 3109 1390 3112 ’

265 3181 313 3245 lll,
326 3197 379 3250 cap.
394 3197 436 3240 ¹⁰3
453 3176 498 3228 lib.
509 3177 544 3241 V,
556 3195 607 3248 cap.
622 3198 647 3246 9,
661 3175 725 3244 fin.)
740 3178 868 3230 Ciceronis
880 3177 996 3230 libellum
1008 3179 1041 3230 ad
1054 3178 1153 3231 Cottam
1166 3177 1195 3232 de
1205 3175 1277 3228 luctu
1288 3179 1336 3228 mi·

266 3264 369 3317 nuendo
389 3267 400 3330 4
413 3283 473 3315 anu.
483 3263 514 3316 U.
528 3265 558 3315 C.
569 3261 625 3314 633.
637 3263 647 3329 )
659 3263 837 3338 perscriptum,
856 3275 881 3315 et
890 3263 959 3316 alios.
969 3266 1001 3316 In
1012 3263 1059 3330 iis,
1081 3265 1125 3335 qui
1133 3275 1187 3336 post
1204 3263 1331 3316 Senecam

271 3347 464 3400 Consolationes
478 3346 611 3418 scripsere,
627 3345 754 3400 Plutarchi
766 3346 864 3420 juvenis
877 3347 1018 3400 consolatio
1026 3347 1058 3400 ad
1067 3345 1229 3421 Apollonium
1242 3347 1338 3410 (Tum.

266 3429 328 3484 Vll.
341 3429 448 3481 llutten.
458 3450 482 3504 p.
492 3428 629 3492 dih-370.
642 3431 662 3496 ),
675 3429 701 3480 iu
709 3449 756 3502 qua
766 3423 1000 3484 Crantorislihellus
1008 3450 1125 3504 magnam
1138 3441 1230 3502 partem
1240 3450 1336 3504 expres·

267 3535 308 3568 sus
323 3513 451 3578 creditur,
465 3526 488 3564 et
497 3513 582 3565 Anicii
594 3514 687 3567 Manlii
699 3515 820 3586 'l'orquati
831 3515 947 3567 Severini
959 3513 1060 3567 Boethii
1070 3513 1209 3567 consolatio
1225 3515 1338 3588 philoso-

270 3599 343 3673 phica
352 3600 378 3651 in
392 3618 488 3650 carcere
499 3598 636 3673 composita
647 3599 804 3672 potissimum
813 3599 1079 3652 nominari-merentur.
1088 3599 1340 3672 Caeterumprohatur

268 3681 547 3756 mihihipsiijtsdicium
557 3679 588 3732 de
596 3681 645 3734 huc
652 3680 740 3734 libello
749 3701 755 3735 :
765 3681 910 3752 «Scriptum
918 3683 1000 3758 ipsum
1006 3683 1086 3736 animi
1094 3692 1120 3736 et
1126 3683 1278 3754 eloquentiae
1287 3683 1340 3756 ple-

270 3787 350 3826 num,
365 3767 478 3822 numeris
489 3779 514 3819 et
523 3779 643 3819 structura
656 3767 840 3840 compositum,
858 3779 931 3837 atque
947 3767 1022 3819 etiam
1040 3766 1129 3820 ordine
1146 3781 1233 3840 prater
1248 3782 1340 3825 cetera

271 3852 427 3925 dispositum.
443 3851 529 3903 husim
543 3849 639 3914 dicere,
652 3849 761 3922 palmam
773 3851 838 3902 inter
847 3850 945 3903 libellos
958 3853 1037 3924 poscit
1046 3875 1068 3902 ι.

304 3941 492 4016 Epigrammata
501 3961 574 4016 super
584 3943 612 3992 L.
625 3945 654 3994 A.
665 3941 766 4012 Seneca:
777 3940 929 4014 exsilioque
940 3941 1085 3996 Gronovius
1092 3955 1148 4016 post
1159 3956 1340 4014 argumentum

270 4025 312 4080 hic
326 4027 485 4104 prescripsit,
499 4045 545 4078 nos
559 4023 590 4077 ad
602 4027 680 4083 linem
692 4025 773 4099 operis
782 4028 926 4088 referemus.
