2838 4900
246 420 284 503 ι4
533 415 603 483 DE
626 415 1017 488 PROVIDENTIA

196 593 209 640 7
239 547 517 642 ruinaspublicus
532 563 663 616 rectum
673 553 699 614 ¹.
714 550 845 632 Licet²,
860 549 994 640 inquit,
1010 552 1121 619 omniu
1135 553 1171 620 in
1186 545 1310 622 ³unius

237 667 400 735 ditionem
427 665 679 746 concesserint,
710 661 946 732 custodiantur
968 665 1161 758 legionibus
1185 683 1306 749 terroe,

237 784 400 854 classibus
431 782 559 864 maria,
591 781 803 850 Caessrims
833 797 949 875 portas
979 782 1075 852 miles
1105 776 1306 872 ‘obsideat3

237 904 340 984 Cato,
362 913 564 991 quaerent,
584 897 690 970 habet
704 923 712 964 :
728 921 797 965 una
814 921 916 965 manu
933 897 1034 965 latam
1050 899 1201 969 libertati
1219 903 1309 970 vium

237 1018 359 1099 facict3
381 1015 509 1083 ferrum
528 1011 643 1094 istud,
671 1014 773 1080 ctiam
791 1013 884 1084 civili
903 1013 993 1082 bcllo
1009 1037 1135 1108 purum
1153 1033 1189 1084 ot
1206 1017 1308 1085 inno-

236 1132 328 1198 xium
339 1123 367 1210 ⁵,
384 1127 489 1195 bonas
500 1125 637 1195 tandem
651 1149 691 1195 ac
701 1125 833 1195 nobiles
847 1125 926 1195 edet
936 1149 1078 1222 operasq
1100 1128 1306 1212 libertatem,

235 1271 338 1339 quam
356 1245 475 1338 patriae
492 1267 562 1312 non
576 1243 707 1336 potuit,
728 1243 848 1312 Catoni
869 1241 975 1311 dubit.
999 1243 1218 1338 Aggredcrc,
1234 1247 1309 1314 nni-

196 1374 212 1425 8
236 1386 290 1430 me
302 1357 329 1444 ⁶,
350 1360 410 1429 diu
430 1357 629 1428 meditatum
647 1382 751 1451 opum
769 1359 864 1452 eripe
880 1373 913 1426 te
927 1359 1032 1428 rebus
1043 1361 1214 1430 humanis.
1234 1363 1308 1430 Jam

235 1480 390 1548 Petreius
408 1493 443 1545 et
460 1477 548 1545 Juba
568 1490 838 1558 concurrerunt,
856 1476 1043 1570 jacentque
1063 1477 1151 1546 altor
1168 1479 1309 1548 alterius

234 1663 327 1718 deinde
334 1663 455 1737 Scipione
467 1661 514 1730 (Q.
524 1659 610 1714 thcil.
621 1658 743 1726 Metello)
828 1659 852 1724 4.
864 1661 1030 1714 coesartamrs
1037 1663 1162 1716 obsriieot.
1170 1663 1236 1716 Nam
1244 1684 1308 1739 prae·

233 1744 265 1796 ad
274 1741 442 1810 Thapsumiu
449 1740 534 1793 Africa
546 1739 578 1790 ad
587 1739 745 1792 internecio·
795 1739 896 1792 miserat
911 1740 995 1795 Cesar
1006 1741 1107 1795 Uticam
1119 1763 1179 1796 cum
1195 1745 1308 1816 equitatu

234 1840 294 1873 nem
304 1840 383 1890 usque
396 1819 487 1872 deleto.
781 1819 830 1870 ’tt
837 1817 989 1886 Messallam,
997 1821 1049 1894 ipse
1056 1822 1146 1875 codem
1152 1823 1307 1877 iterfaciens.

270 1921 292 1952 ι.
303 1897 423 1950 Stantem
433 1904 537 1950 rectum.
546 1894 670 1950 Eamrlem
680 1893 746 1945 ima·
795 1893 892 1948 llirtius
906 1897 937 1950 de
954 1896 1020 1950 Bell.
1040 1899 1118 1952 Alric.
1135 1921 1189 1976 cap.
1202 1903 1250 1969 86,
1263 1903 1305 1956 88.

233 1979 321 2052 ginem
331 1977 437 2030 Flaccus
448 1975 524 2028 lubet
533 1973 564 2026 de
575 1972 688 2035 Catone,
700 1969 744 2022 lib·
796 1973 922 2027 Caeterum
934 1975 965 2028 de
979 1975 1075 2029 Catone
1094 1978 1160 2029 cons.
1177 1977 1304 2033 Plutarch.

233 2057 274 2122 ll,
295 2055 346 2108 Od.
368 2071 404 2106 1:
425 2053 483 2105 «Et
507 2064 598 2105 cuncta
623 2061 745 2101 terrarum
793 2051 823 2103 in
835 2051 887 2122 ejus
900 2053 958 2106 vita.

233 2134 362 2198 subacta,
386 2132 481 2184 l’raeter
502 2142 612 2183 atrocem
631 2125 744 2178 animum
827 2132 851 2182 5.
863 2131 958 2183 Etiam
968 2135 1037 2185 civili
1048 2135 1113 2186 bello
1119 2155 1218 2202 purum
1228 2147 1255 2189 et
1263 2141 1304 2189 in-

235 2210 348 2282 Catopis.
360 2231 373 2256 u
389 2207 513 2260 Eemdem
526 2205 625 2280 gallica
641 2223 744 2276 poeseos
792 2209 913 2258 noxium.
925 2207 1002 2276 Quod
1011 2209 1085 2262 valde
1093 2211 1256 2276 mirandum
1266 2214 1306 2266 nil

234 2290 300 2341 inter
325 2285 477 2339 recentiores
505 2284 580 2337 (leons
603 2301 744 2355 magnum,
794 2283 862 2335 enim
873 2285 960 2339 sceleri
979 2285 1090 2358 aliquem
1103 2289 1205 2361 propius
1218 2291 1306 2344 admo·

234 2366 347 2432 Delille,
360 2364 386 2416 in
396 2361 569 2415 laudatissimo
580 2358 692 2412 carmine
704 2357 745 2410 cui
794 2374 851 2427 vet,
862 2362 901 2414 nil
907 2362 935 2416 in
942 2365 1012 2418 nefas
1019 2365 1092 2418 citius
1101 2365 1220 2441 impingit
1227 2389 1304 2440 quam

232 2443 320 2495 titulus
337 2461 344 2496 :
360 2439 535 2513 Ditlrymmbe
552 2438 745 2491 surl'immor-
794 2439 877 2492 civilis
900 2443 995 2510 furor,
1018 2458 1046 2498 nt
1070 2445 1122 2520 ipse
1145 2445 1212 2500 Cato
1237 2451 1304 2522 aputl

231 2525 308 2576 totite'
318 2525 352 2576 de
361 2524 459 2586 l’arroe3
471 2518 541 2590 cuius
551 2516 691 2570 tristichum
701 2516 745 2568 in-
793 2516 924 2571 Lucanum
934 2521 1069 2593 predicat,
1082 2523 1194 2576 Pharsal.
1205 2525 1249 2577 lib.
1259 2526 1304 2581 ll:

207 2659 211 2666 ‚
232 2603 271 2655 ira
281 2601 338 2672 lege
351 2599 515 2673 exscriptum,
527 2617 551 2669 p.
570 2597 609 2659 ¹5,
621 2606 674 2647 not·
687 2593 711 2646 8.
794 2595 954 2649 «Summum
968 2599 1076 2666 ,vltruu
1092 2640 1100 2668 ‚
1121 2602 1191 2654 nefas
1219 2601 1305 2656 civilia

267 2701 289 2732 a.
303 2676 539 2742 Ltcet,etc.1tlulu
550 2696 579 2728 ex
590 2674 630 2726 his
639 2692 695 2745 qutc
705 2694 744 2726 se·
793 2671 860 2726 bella
878 2677 1019 2728 latemur.»
1040 2677 1109 2730 Nam
1128 2679 1156 2730 in
1174 2677 1214 2731 lris
1234 2700 1304 2734 anna

232 2771 324 2810 comet
339 2757 408 2810 solus
419 2755 462 2809 lric
472 2755 535 2808 Cato
548 2751 646 2805 disserit
660 2752 688 2804 in
705 2773 745 2805 ce·
794 2774 808 2798 s
818 2772 900 2824 neque
916 2753 1015 2826 parari,
1033 2774 1115 2826 neque
1133 2755 1221 2810 haberi
1240 2778 1306 2832 pos-

231 2837 367 2890 lcberrimo
378 2834 514 2906 soliloquio
531 2832 638 2907 anglice
651 2832 743 2887 sahulae
791 2843 850 2882 sunt
877 2851 904 2882 er
914 2829 993 2884 bonus
1006 2846 1089 2886 artes»
1103 2835 1197 2902 (Tacit.
1208 2837 1303 2890 Annal.

232 2913 273 2968 the
285 2915 363 2967 death
373 2914 407 2984 qs
415 2915 479 2967 Coto
490 2912 607 2986 reperias.
790 2906 854 2960 lib.l
884 2907 1133 2972 ;eta‹limicantibus
1143 2913 1230 2966 «dicta
1240 2913 1302 2980 alia,

265 2994 289 3045 3.
312 2991 406 3044 Unius.
423 2991 462 3043 Ea
475 3012 523 3044 vox
541 3001 577 3043 est
595 3010 671 3064 prope
688 2993 741 3044 sola
789 2985 833 3038 secl
848 2999 968 3038 certatum
982 2988 1110 3060 utrimque
1131 2989 1162 3043 de
1178 2991 1303 3044 domina-

231 3071 417 3142 ψιιιμιναρχίαν
425 3068 552 3141 eleganter
569 3067 645 3121 simul
654 3082 679 3121 et
687 3091 743 3142 pcr·
790 3064 859 3117 tione
867 3064 1300 3140 cst»Sall.Fragm.p.394nosted.

231 3147 317 3220 spicue
339 3145 453 3198 Romani
480 3145 632 3219 significent.
661 3146 742 3199 Tacit.
823 3141 847 3194 6.
862 3143 1134 3212 Aggredermnime.
1147 3145 1219 3219 Saepe
1230 3148 1300 3220 apud

232 3222 326 3275 llistor.
346 3221 391 3275 lib.
408 3223 438 3286 l.‚
452 3241 506 3294 cap.
529 3242 538 3274 ι
554 3241 561 3275 :
579 3223 741 3294 «Postquam
790 3217 895 3270 Senccae
912 3219 1020 3290 equales
1033 3240 1062 3273 ea
1074 3223 1184 3274 formula
1196 3227 1301 3280 recurrit

232 3299 354 3354 bellatum
362 3300 430 3375 apud
438 3299 549 3366 Actium,
557 3312 631 3370 etqua
638 3319 741 3353 omnem
790 3313 815 3347 se
823 3295 907 3369 ipsum
917 3295 958 3349 rel
966 3296 998 3349 acl
1008 3297 1148 3353 vindictam
1157 3302 1199 3354 vel
1208 3302 1241 3355 ad
1249 3306 1300 3357 lor·

232 3390 382 3452 potestatem
393 3378 426 3429 ad
446 3397 528 3430 unum
546 3377 658 3430 conferri
675 3377 741 3450 paris
790 3373 923 3426 titudinem
934 3375 1088 3431 concitandi.
1101 3379 1189 3432 Senec.
1199 3381 1301 3454 Tragic.

232 3455 355 3508 interluit.
366 3477 379 3501 »r
396 3454 477 3520 ldem,
490 3455 550 3507 Tac.
559 3454 741 3507 Annallibl:
793 3453 964 3523 (qnilorttssc
976 3454 1044 3506 idem
1059 3476 1117 3508 cum
1130 3457 1223 3510 Nostro
1237 3473 1274 3512 est
1287 3464 1297 3528 )

232 3555 246 3579 s
260 3535 351 3587 Unum
361 3533 461 3608 imperii
469 3554 559 3606 corpus
568 3534 643 3587 unius
653 3535 739 3588 animo
789 3531 860 3583 Med.
870 3551 919 3583 vss·
928 3531 970 3596 4ο,
983 3532 1023 3597 4ι.
1036 3553 1091 3604 sqq.
1103 3551 1109 3586 :
1121 3557 1134 3582 α
1145 3535 1195 3588 Per
1205 3536 1302 3592 viscera

232 3610 372 3682 regendum
394 3610 527 3663 videtur.»
556 3611 694 3664 simillime
717 3626 742 3666 et
790 3607 842 3679 ipsa
854 3625 938 3680 quaerc
950 3610 1073 3683 supplicio
1089 3611 1172 3680 viam,
1187 3613 1214 3666 Si
1225 3614 1302 3682 vivis,

231 3687 298 3760 apul
322 3687 424 3742 Graecos
445 3689 588 3755 Homerus,
613 3690 686 3745 lliad.
703 3700 742 3745 B:
789 3687 891 3753 anime,
907 3687 928 3739 si
941 3687 1002 3758 quid
1011 3688 1107 3760 antiqui
1119 3688 1164 3742 tibi
1176 3692 1303 3746 llemanct

230 3768 280 3818 οὐκ
291 3769 376 3830 ὰγαθὶυ
392 3770 571 3839 πολυιοιρανίη·
586 3766 620 3831 εἷς
635 3773 740 3841 κοίρανος
789 3763 897 3837 vigoris;
910 3765 974 3838 pelle
984 3767 1116 3820 soemineos
1126 3781 1208 3823 metus
1216 3770 1251 3824 Et
1264 3771 1302 3824 in·

229 3844 286 3896 i'elo
296 3881 303 3910 ,
315 3839 356 3906 nir
366 3843 489 3912 βασιλιῦςς
502 3859 525 3900 et
536 3846 604 3920 apud
612 3848 741 3903 Nostrates
788 3841 938 3916 hospitalem
948 3844 1088 3898 Caucasum
1097 3860 1180 3900 mente
1190 3848 1276 3902 intlue.
1285 3872 1300 3898 o

230 3921 268 3975 M.
278 3922 303 3973 J.
319 3923 439 3984 Chinr'er,
452 3924 479 3976 in
494 3923 663 3997 pulcherrima
672 3926 739 3980 Ele·
788 3921 978 3996 tomshyut.
989 3944 1036 3976 vos·
1052 3945 1112 3996 ¹9²,
1126 3925 1172 3997 193
1183 3943 1189 3977 ε
1202 3948 1215 3973 s
1225 3926 1300 4000 Age,

230 3999 340 4074 giamm,
348 4003 377 4054 lo
388 4001 573 4056 Promenade:
788 3999 871 4051 anime
881 4039 890 4066 ,
901 4001 940 4053 lac
948 4001 1016 4072 quotl
1026 4000 1097 4055 nulla
1107 4003 1236 4076 posteritas
1245 4025 1301 4079 pro·

230 4124 376 4175 mmm·
381 4127 431 4165 dm
437 4137 484 4176 ms
490 4141 517 4165 uu
523 4125 600 4166 homme
606 4135 637 4166 m
643 4127 656 4165 h
658 4127 736 4166 &ium
787 4077 839 4145 bet,
852 4077 902 4130 sed
914 4079 986 4132 nulla
997 4091 1083 4132 taccat.
1094 4104 1107 4128 u
1119 4083 1150 4132 ln
1163 4082 1203 4135 his
1213 4085 1299 4136 omni·

229 4184 376 4236 ΛιῇοιιιᾶἹιιί,
389 4187 439 4226 (laus
452 4201 479 4226 urs
487 4186 616 4236 1ιιιιιιιιιο,ιιιι
629 4191 738 4242 peupleeat
787 4155 834 4207 hm
855 4167 941 4208 mm
962 4177 1015 4210 ³⁰¹¹
1037 4172 1073 4211 ‘sl
1094 4159 1182 4213 ‘adem
1201 4161 1299 4229 ἔμφασις

301 4247 429 4288 sommia!
788 4251 845 4302 quae
865 4234 892 4285 in
910 4247 994 4290 nostra
1011 4235 1098 4308 lingua
1118 4252 1193 4304 esset,
1208 4239 1298 4308 siquis
