2812 4898
549 413 780 512 CAPUTI.
1171 438 1194 504 9

117 541 198 612 dem
210 566 289 634 qum
298 541 460 612 videntur
469 543 608 612 confusa
622 559 657 611 et
669 545 822 627 incerta,
837 543 970 637 pluvias
981 541 1057 612 dico
1070 541 1197 611 nubes-

117 682 211 751 que,
234 675 270 726 ct
291 659 475 728 elisorum¹
493 659 673 728 fulminum
691 660 827 752 jactus,
849 673 884 728 et
902 657 1063 728 incendia
1085 659 1196 753 ruptis

118 775 287 842 montium
308 775 495 844 verticibus
519 775 668 858 ellusa²,
693 791 857 844 tremores
881 775 1027 845 labantis
1052 775 1137 858 soli,
1162 791 1197 843 et

118 886 192 956 alia
205 911 283 979 quae
303 889 508 958 tumultuosa
524 913 603 984 pars
621 912 736 958 rerum
749 891 841 958 circa
853 905 962 959 terras
976 904 1106 972 movet,
1123 889 1196 958 sine

120 1007 278 1088 ratione,
300 1007 455 1098 quamvis
473 1007 586 1076 subita
602 1009 691 1091 sint,
705 1005 890 1076 accidunt:
911 1007 972 1076 sed
990 1031 1068 1076 suas
1085 1023 1121 1076 et
1138 1007 1197 1076 illa
1283 1085 1287 1094 ,

117 1145 242 1189 causas
258 1121 389 1189 babent
406 1147 476 1190 non
496 1123 629 1208 minus,
651 1147 754 1216 quam
774 1147 850 1216 quae
869 1124 991 1195 olienis
1013 1124 1095 1192 locis
1113 1147 1196 1192 con-

114 1251 239 1328 specta
265 1235 429 1304 miracula
457 1251 557 1318 sunt,
587 1240 686 1306 utin
710 1236 831 1307 mediis
860 1237 1021 1306 fluctibus
1047 1233 1197 1306 calentes

113 1339 258 1442 aquae³,
280 1366 315 1418 et
332 1374 419 1418 nova
447 1350 634 1420 insularum
653 1354 690 1421 in
713 1346 832 1422 vasto⁴
855 1352 1082 1421 exsilientium
1109 1353 1197 1420 mari

113 1465 232 1558 spatia
245 1456 271 1531 ⁵.
294 1467 366 1532 Jam
384 1489 467 1534 vero
478 1461 491 1500 ⁵
504 1467 533 1533 si
547 1467 626 1558 quis
636 1467 870 1536 observaverit
883 1465 1007 1535 nudari
1021 1466 1121 1535 litora
1133 1491 1196 1561 pe·
1221 1467 1238 1530 l

113 1581 201 1675 lego
220 1581 258 1648 in
277 1605 314 1648 ee
333 1579 537 1664 recedente,
560 1581 747 1675 eademque
768 1584 859 1652 intra
884 1585 1045 1677 exiguum
1065 1600 1198 1678 tempus

115 1693 276 1787 operiri,
297 1691 415 1761 credet
428 1717 517 1762 caeca
536 1693 682 1787 quadam
698 1697 907 1766 volutatione
925 1695 1024 1764 modo
1041 1698 1198 1766 contrahi

115 1808 237 1880 undas
247 1859 258 1892 ‚
270 1810 497 1879 etintrorsum
507 1812 564 1904 agi
577 1861 586 1894 ,
600 1811 699 1881 modo
710 1837 903 1906 erumpere,
917 1828 951 1880 ct
960 1837 1083 1906 magno
1095 1837 1198 1882 cursu

115 1941 285 2020 repetere
297 1925 412 1995 sedem
424 1950 518 1994 suam
533 1953 540 1993 :
554 1951 660 2019 quum
672 1928 739 1997 iltae
753 1930 890 1997 interim
903 1929 1116 2022 portionibus
1129 1953 1199 1999 cre·

115 2058 248 2125 scunt,
269 2057 304 2110 et
322 2041 367 2109 ad
384 2042 502 2110 boram
522 2065 562 2111 ac
590 2040 681 2112 diem
697 2043 865 2126 subeunt,
888 2045 1069 2137 ampliores
1087 2047 1197 2114 mino-

117 2182 257 2250 resque.
265 2173 369 2250 prout
377 2157 453 2226 illas
463 2157 583 2226 lunare
596 2156 690 2226 sidus
705 2158 834 2243 elicuit,
851 2159 896 2228 ad
909 2161 1006 2253 cujus
1019 2161 1200 2230 arbitrium

115 2275 289 2344 Oceanus
307 2269 468 2338 exundat.
487 2272 555 2340 Suo
569 2271 633 2339 ista
646 2274 790 2364 tempori
805 2289 1047 2342 reserventur:
1062 2299 1103 2341 eo
1118 2275 1199 2367 qui·

111 2393 203 2461 dem
217 2390 346 2481 magis,
363 2386 456 2480 quod
465 2405 502 2456 tu
513 2412 582 2455 non
592 2387 727 2456 dubitas
740 2387 783 2456 de
792 2389 1009 2459 Providentia
1021 2441 1030 2475 ,
1044 2391 1103 2460 sed
1112 2416 1197 2483 que-

107 2509 223 2578 reris.
240 2506 434 2598 ingratiam
450 2520 482 2572 te
496 2503 657 2574 reducam
672 2529 749 2574 cum
764 2507 860 2590 Diis,
877 2506 1040 2576 adversus
1053 2511 1197 2602 optimos

106 2715 226 2752 mm
240 2697 382 2768 imponeret
399 2697 445 2760 (Ia
456 2692 635 2759 Nature)di-
684 2695 824 2749 undantem
833 2697 1196 2767 mptislornecibnsAEtnem,

107 2775 295 2830 :iculisma
684 2773 909 2846 Flammarumque
934 2775 1022 2848 globos
1049 2775 1198 2845 liquefacta·

108 2859 636 2912 &mannestandtntortuinmnbnhte-
685 2871 735 2923 que
747 2852 850 2916 volvere
861 2871 927 2906 saxa.
935 2875 950 2900 n

152 2933 400 2990 alterumve
413 2953 490 3005 quem
507 2945 636 2986 mutuatus
718 2929 743 2982 3.
762 2931 880 2983 Calentes
902 2948 988 2999 nquoe.
1005 2927 1045 2980 Gi.
1065 2927 1133 2980 Plio.
1153 2926 1198 2979 lib.

114 3029 155 3069 est
165 3014 266 3066 Noster
276 3031 291 3064 e
302 3011 392 3085 poetis.
402 3011 482 3064 Elidt'
491 3011 561 3064 enim
573 3031 638 3084 pro-
688 3006 729 3071 ll,
742 3025 795 3080 cup.
810 3006 872 3073 tob,
886 3007 926 3060 etl.
937 3006 995 3079 Bip.

1 3131 2 3152 .
117 3093 177 3167 prin
192 3109 270 3142 sensu
284 3103 346 3142 este
360 3109 388 3142 re
403 3090 487 3162 eliqua
499 3090 557 3160 ejici
568 3091 639 3162 cnjus
722 3085 806 3154 4113
828 3096 913 3138 vasto.
934 3083 996 3137 llrec
1015 3101 1060 3154 pro
1078 3084 1106 3134 in
1123 3091 1199 3132 vesto

118 3186 217 3243 pressa
234 3167 262 3220 vi
278 3165 361 3218 multa
378 3164 430 3218 duo
443 3166 520 3218 latere
537 3166 639 3219 coiere:
688 3164 761 3215 mon'
776 3162 885 3234 positum
897 3173 977 3234 petet,
995 3165 1063 3212 utin
1080 3163 1152 3222 alto,
1172 3163 1200 3211 in

118 3245 197 3315 quei
218 3263 310 3316 nempe
332 3263 345 3294 e
368 3239 466 3308 nubes
479 3243 513 3295 ite
533 3242 640 3296 firmiter
689 3244 833 3307 immenso,
847 3251 893 3292 ete.

119 3342 210 3398 pessa
220 3335 250 3387 pt
267 3339 368 3373 summe
384 3341 439 3393 pers
459 3319 528 3376 illius
546 3332 571 3374 et
588 3321 640 3373 ima
724 3319 748 3370 5.
758 3317 798 3370 Et
808 3333 876 3369 nove
891 3320 1089 3370 insulamn...
1103 3317 1201 3384 spatia.

120 3401 301 3462 duretent,
324 3398 423 3450 fulmen
441 3397 567 3451 emicaret.
580 3397 642 3451 llaec
690 3396 745 3469 lpse
760 3395 818 3446 Nat.
832 3395 929 3463 Queat.
947 3394 991 3447 lib.
1004 3395 1059 3458 Vl,
1078 3412 1133 3466 esp.
1152 3411 1201 3446 ert

121 3476 396 3551 quidunopinieeret,
405 3475 589 3548 utplurimum,
599 3494 644 3528 ee·
692 3498 706 3522 e
727 3473 838 3526 'lberam
861 3485 886 3526 et
907 3472 1071 3536 Therasiam,
1090 3484 1115 3523 et
1136 3469 1202 3522 bane

123 3575 197 3636 septa
202 3557 421 3632 antiquis,quippe
428 3557 482 3629 qui,
489 3554 643 3608 naturalium
692 3564 785 3604 nostre
797 3551 876 3605 atatis
889 3551 1017 3618 insulam,
1034 3547 1203 3623 spectantibus

124 3655 310 3711 mpetum
317 3635 406 3708 gnari,
418 3632 591 3706 eeonjseturis
600 3651 643 3705 pe-
692 3627 782 3692 nobis,
794 3629 880 3701 AEgeo
892 3629 957 3681 mari
967 3641 1069 3691 nsum,
1082 3627 1138 3698 quis
1150 3627 1203 3680 ‹ln-

124 3713 275 3769 sisemundi
282 3711 644 3781 neomaesequitentaverent
690 3705 776 3760 bins?
794 3719 840 3760 ete.
854 3729 867 3754 v
885 3706 995 3758 Consule
1006 3718 1126 3778 preterea
1143 3705 1202 3758 Liv.

127 3815 205 3866 qnam
221 3814 251 3846 ex
268 3803 364 3844 attente
380 3794 424 3843 siis
439 3790 580 3857 petrapium
598 3785 643 3838 ob·
691 3785 736 3838 lib.
748 3799 845 3848 xxxix,
857 3783 903 3838 sub
914 3781 960 3836 fin.
973 3783 1018 3836 ubi
1030 3783 1141 3854 ejusdem
1154 3781 1203 3833 mi-

128 3873 279 3924 semtione.
691 3862 771 3915 reculi
782 3862 906 3934 exemplar
917 3873 1087 3924 memoratur,
1099 3873 1124 3912 et
1135 3859 1203 3910 Plio.

161 3972 186 4002 s.
201 3950 402 4002 Inoendthm...
424 3943 521 4018 effusa.
543 3943 644 3996 Montes
694 3941 759 3993 llist.
773 3942 806 3992 N.
818 3939 862 3992 lib.
876 3940 916 4002 ll,
930 3959 983 4012 eep.
996 3941 1047 4011 89,
1060 3937 1099 3992 ed.
1110 3938 1169 4010 llip.
1180 3948 1206 3988 et

131 4027 190 4079 tliee't
201 4024 245 4097 qui
260 4025 294 4078 ob
307 4025 413 4077 vertices
431 4023 577 4096 ignivomos
599 4041 645 4073 no·
694 4018 736 4071 lib.
750 4019 799 4083 lt,
811 4037 864 4089 cap.
878 4035 916 4068 te.

132 4103 167 4154 tis
196 4103 355 4178 appellmtur
383 4103 498 4154 eolcens.
520 4099 644 4153 Similiter
726 4097 829 4150 tidem
848 4108 975 4154 nemete,
992 4091 1204 4160 contusaque

135 4181 222 4246 Hero,
235 4181 333 4253 Geerg.
344 4180 387 4233 lib.
397 4180 409 4232 l
418 4217 426 4246 ,
435 4181 483 4251 47²
492 4197 498 4230 :
507 4179 642 4236 allidimus
694 4172 756 4230 dixit
766 4175 824 4227 Nat.
839 4171 935 4239 Quaest.
944 4171 988 4224 lib.
1002 4172 1052 4239 tlt,
1065 4191 1117 4242 rep.
1132 4171 1170 4222 28.
