2812 4898
245 391 289 460 56
418 391 758 463 CONSOLATIO
782 393 852 462 AD
877 395 1127 467 HELVIAM.

243 525 334 617 pati,
356 524 606 618 propterquod
628 528 751 619 possim
776 525 844 594 dici
867 528 991 608 miser,
1018 527 1142 596 nedum
1161 544 1301 620 propter

243 636 335 732 quod
350 641 488 710 miseros
505 641 606 710 etiam
622 665 712 733 quos
725 643 885 736 contingo
900 641 1019 710 faciam
1033 640 1198 726 :deinde‚
1219 644 1248 710 si
1260 639 1304 710 ad

243 772 276 822 te
296 757 474 837 transiero,
495 773 529 823 et
540 756 742 848 probavero,
761 782 805 826 ne
821 773 913 826 trram
927 757 1067 849 quidem
1081 781 1218 852 gravem
1232 781 1304 825 esse

149 969 153 976 1
242 873 433 956 fortunam,
457 896 533 965 quae
551 888 619 942 tota
637 897 676 942 ex
701 897 774 942 mes
790 873 951 968 pendet¹.
972 879 1044 942 Hoe
1061 877 1157 968 prius
1180 898 1305 967 aggi-e·

242 990 329 1074 diar,
346 989 438 1082 quod
451 991 558 1082 pietas
573 1005 631 1056 tua
643 987 763 1060 audire
777 993 899 1084 gestit,
916 990 1005 1060 nihil
1022 991 1100 1059 mali
1114 1014 1188 1060 esse
1201 991 1303 1073 mihi3

241 1108 270 1173 si
298 1107 363 1174 hoc
392 1105 454 1173 tibi
478 1103 709 1180 demonstrare
729 1131 798 1180 non
821 1123 959 1199 potero,
987 1108 1076 1199 ipsas
1100 1131 1156 1176 res
1182 1106 1308 1200 quibus

242 1247 296 1288 me
316 1237 415 1314 putas
427 1222 558 1314 premi,
577 1245 646 1292 non
659 1244 732 1290 esse
746 1222 994 1306 intolerabiles,
1010 1221 1129 1290 faciam
1148 1221 1310 1290 manifes-

244 1355 326 1408 tum.
348 1340 407 1406 Sin
421 1336 457 1404 id
475 1336 570 1412 credi
589 1363 659 1406 non
678 1341 828 1430 potuerit
845 1366 852 1406 :
869 1355 905 1407 at
924 1363 988 1432 ego
1003 1339 1084 1406 mihi
1107 1341 1180 1431 ipse
1198 1339 1308 1431 magis
1388 1413 1389 1418 ἵ

243 1451 404 1544 placebo,
433 1450 525 1545 quod
552 1453 717 1520 intereas
743 1475 798 1520 res
817 1451 937 1521 beatus
955 1476 1041 1535 ero,
1057 1475 1143 1544 ¹quae
1169 1453 1312 1518 miseros

244 1567 352 1636 solent
365 1569 489 1638 tacere.
505 1571 581 1636 Non
595 1567 752 1660 estquod
765 1567 809 1636 de
823 1593 875 1637 me
884 1569 961 1636 aliis
973 1569 1092 1638 eredas
1110 1596 1117 1636 :
1133 1570 1207 1660 ipse
1221 1567 1287 1636 tibi
1302 1619 1310 1649 ‚
1388 1607 1389 1638 t

244 1705 288 1748 ne
305 1680 388 1772 quid
404 1682 543 1755 incertis
562 1681 779 1772 opinionibus
795 1682 1028 1774 perturberis,
1045 1679 1159 1750 indico
1172 1705 1226 1750 me
1239 1705 1313 1750 non

244 1817 316 1872 esse
331 1795 503 1874 miserum.
523 1792 713 1884 Adjiciam,
731 1818 799 1885 quo
816 1796 969 1864 securior
984 1796 1050 1876 sis,
1069 1817 1133 1862 nee
1146 1795 1223 1862 fieri
1237 1795 1316 1885 qui·
1388 1799 1389 1850 ἶ

244 1912 321 1981 dem
341 1935 439 2005 posse
455 1911 626 1988 miserum.
1388 1897 1389 1902 ἵ

293 2033 335 2108 ΙῙ.Ι
358 2032 447 2108 Bona
469 2025 662 2095 conditione
682 2028 790 2120 geniti
810 2051 944 2108 sumus,
968 2027 997 2094 si
1021 2051 1096 2094 eam
1117 2049 1184 2094 non
1210 2025 1316 2095 dese-
1388 2073 1389 2112 3

245 2145 426 2212 ruerimus.
447 2142 487 2210 Id
502 2144 573 2238 egit
588 2165 703 2210 rerum
720 2158 865 2225 natura,
886 2157 926 2210 ut
944 2141 988 2209 ad
1003 2141 1092 2210 bene
1106 2141 1313 2230 vivendum,

210 2257 212 2263 ’
245 2283 313 2326 non
333 2281 455 2351 magno
473 2275 638 2351 apparatu
657 2282 742 2350 opus¹
760 2273 860 2326 esset.
882 2259 1123 2348 Unusquisque
1142 2257 1255 2326 faeere
1278 2283 1317 2326 se

179 2437 181 2446 ,
243 2374 379 2440 beatum
396 2387 518 2463 potest.
534 2374 625 2440 Leve
639 2387 842 2440 momentum
857 2372 894 2437 in
907 2370 1101 2438 adventitiis
1115 2371 1219 2438 rebus
1232 2387 1312 2452 est,

244 2503 278 2556 et
303 2485 394 2578 quod
414 2487 450 2552 in
473 2500 628 2552 neutram
653 2501 785 2578 partem
812 2510 951 2581 magnas
973 2487 1061 2557 vires
1080 2483 1204 2552 habeat
1221 2511 1228 2549 :
1246 2510 1317 2554 nee

245 2602 393 2672 secunda
418 2602 604 2693 sapientem
621 2607 633 2635 ²
653 2602 827 2685 evehunt,
856 2579 920 2670 nee
949 2601 1091 2670 adversa
1114 2601 1316 2672 demittunt.

247 2715 427 2794 Laborevit
439 2717 528 2783 enim
542 2740 675 2808 semper
688 2767 696 2800 ,
710 2733 747 2785 ut
760 2718 797 2795 in
809 2741 844 2786 ee
852 2719 1036 2811 plurimum
1048 2733 1208 2810 poneret,
1222 2718 1321 2788 intra

247 2858 283 2902 se
296 2857 395 2900 omne
409 2831 569 2926 gaudium
580 2848 724 2925 peteret.
739 2834 834 2925 Quid
850 2859 932 2928 ergo
947 2836 1159 2927 Psapientem
1175 2857 1229 2902 me
1241 2857 1321 2904 esse

247 2949 349 3024 dico?
368 2949 504 3016 minime
519 2975 529 3032 3
543 2971 628 3032 ‚nam
646 2946 682 3013 id
702 2927 839 3039 quidem
858 2951 886 3016 si
901 2951 1056 3043 profiteri
1075 2974 1225 3042 possem,
1244 2974 1319 3018 non

249 3081 378 3134 tantum
402 3087 564 3157 negarem
588 3063 749 3141 miserum
769 3089 821 3140 me
844 3087 937 3143 esse,
960 3064 1020 3133 sed
1038 3065 1186 3132 omnium
1207 3065 1321 3138 sortu-

248 3181 475 3263 natissimum‚
490 3197 525 3247 et
539 3181 574 3246 in
587 3181 735 3247 vicinum
749 3181 845 3249 Deo'
860 3180 1062 3274 perductum
1076 3181 1317 3274 praedicarem.

284 3373 303 3403 r.
313 3351 379 3421 Quae
390 3360 443 3402 totu
451 3368 487 3400 ex
497 3368 555 3401 mea
563 3349 661 3416 pendet.
670 3347 697 3398 {n
709 3347 755 3399 hae
805 3349 845 3400 bia
850 3369 940 3423 nempe
947 3369 1048 3420 quaeres
1057 3369 1184 3422 prosperas
1192 3352 1245 3401 fere
1251 3371 1321 3414 sem·

248 3449 275 3479 re
287 3447 378 3499 nempe
388 3448 395 3489 ς
408 3445 486 3497 quum
498 3423 585 3477 exsilio
596 3421 644 3476 filii
656 3443 711 3476 eam
722 3425 755 3476 ob
805 3446 848 3499 per
855 3427 995 3493 comitatur.
1004 3427 1129 3481 Caeterum
1138 3426 1320 3490 idemsenten-

164 3542 168 3570 ,
247 3525 348 3557 causam
374 3516 453 3556 mater
469 3502 592 3576 precipue
612 3502 757 3576 iiincryrne·
806 3504 938 3567 tite‚idem
951 3509 1053 3574 φράσεως
1065 3517 1176 3557 tenerae
1190 3504 1217 3555 in
1228 3505 1317 3563 Hora-

248 3596 297 3649 ων,
309 3581 378 3651 quod
390 3582 441 3654 ipse
455 3580 524 3632 exsul
536 3580 626 3632 doleat.
639 3582 756 3651 Namque
805 3582 874 3645 tiana
892 3583 1010 3656 stropha:
1024 3605 1037 3630 a
1050 3583 1163 3654 AEquam
1184 3596 1320 3636 memento

247 3663 333 3717 abesse
350 3661 436 3726 hunc,
450 3674 474 3712 et
488 3661 518 3712 ab
533 3660 685 3712 amatissimo
703 3660 756 3712 filio
806 3659 879 3711 rebus
890 3659 917 3711 in
931 3659 1015 3711 arduis
1029 3660 1134 3712 Servare
1143 3671 1252 3710 mentem
1263 3681 1322 3728 non

248 3740 472 3811 amantissimoque
491 3750 599 3790 matrem
617 3748 756 3808 separatam
805 3755 874 3788 secus
889 3736 915 3788 in
927 3736 1002 3800 bonit
1014 3736 1045 3788 ab
1062 3735 1181 3788 insolenti
1193 3749 1321 3808 tempera-

247 3819 354 3891 degere‚
369 3816 417 3868 hoe
426 3827 519 3890 spectat
529 3813 561 3866 ad
572 3815 678 3888 propria*
689 3815 755 3866 utili·
803 3827 854 3864 tam
862 3813 960 3868 Latitia
971 3837 992 3862 »-
1004 3813 1047 3865 iib.
1062 3813 1096 3876 ΙΙ,
1107 3813 1161 3865 Od.
1174 3829 1216 3866 111.

245 3897 316 3952 tatis.
338 3894 445 3968 proprias
467 3893 601 3966 voluptatis
617 3911 718 3945 sensum
730 3904 755 3943 et
835 3889 859 3942 3.
872 3891 1032 3944 Irtvt'ct'num
1044 3891 1109 3944 Deo.
1136 3893 1156 3946 Ι.
1169 3911 1190 3942 e.
1203 3891 1231 3943 in
1244 3913 1318 3944 con-

246 3973 400 4047 cupidinem.
801 3967 1314 4036 sortianeovenire,Natur.Questl,

278 4071 302 4102 a.
315 4051 440 4104 Eretum.
456 4051 565 4104 Poetitoe
577 4050 688 4104 audacie
705 4069 754 4102 vox
802 4048 871 4120 prati.
882 4047 905 4114 S
918 4051 931 4096 5
947 4045 1042 4118 (Lipsii
1058 4046 1206 4098 Menuduct.
1219 4047 1246 4098 in
1255 4046 1317 4118 phi-

244 4151 299 4204 Ρη),
307 4133 415 4199 spiritus
424 4131 753 4199 saplenttsevehuatjsuper·
802 4125 898 4198 loseph.
912 4125 989 4177 Stoit.
1001 4125 1050 4192 ΙΙΙ,
1067 4125 1102 4191 14.
1111 4127 1131 4189 ).
1261 4123 1264 4133 '
