2812 4898
254 454 290 496 ιο
546 431 615 500 DE
638 431 1024 502 PROVIDENTIA

246 560 393 652 optimis.
406 561 525 652 Neque
535 561 626 630 enim
636 583 751 630 rerum
762 577 884 630 nutura
891 563 1021 656 patitur
1027 577 1066 630 ut
1072 584 1222 654 unquam
1228 561 1319 630 bona

245 676 344 744 bonis
354 691 509 744 noceant.
525 677 620 745 Inter
629 677 736 772 bonos
745 679 883 747 virosae
892 680 1001 748 Deum
1010 679 1158 747 amicitis
1165 693 1229 762 est,
1241 703 1321 746 eon-

246 791 383 862 ciliante
392 794 532 860 virmte.
545 791 740 862 Amicitiam
750 792 828 863 dico
838 797 963 863 Pimmo
973 793 1091 862 etiam¹
1103 795 1321 862 necessitudo

246 933 286 977 ac
302 907 488 978 similitudo
507 935 514 976 :
532 911 693 1002 quoniam
712 911 851 1004 quidem
866 911 977 980 bonus
989 913 1064 1006 ipso
1078 927 1230 1005 tempore
1244 926 1321 978 mn-

247 1044 318 1096 tum
335 1051 355 1094 a
372 1028 445 1097 Deo
463 1024 598 1111 differt,
616 1026 802 1123 discipulus
818 1029 915 1122 ejus,
933 1029 1177 1120 aemulutorque
1189 1043 1321 1097 etvera

245 1144 450 1237 progenies,
470 1167 572 1237 quem
592 1168 716 1238 parens
735 1146 794 1214 ilie
818 1145 1043 1240 magnificus,
1064 1146 1229 1214 virtutum
1248 1168 1319 1212 uon

247 1260 333 1328 lenis
347 1275 505 1343 exactor,
528 1262 616 1329 siout
628 1262 739 1330 severi
759 1277 873 1355 patres
887 1311 896 1344 ‚
912 1260 1033 1330 durius
1046 1259 1181 1330 educat.
1197 1263 1319 1352 Itaque

246 1399 353 1468 quum
364 1376 493 1446 videris
506 1377 612 1446 bonos
622 1381 714 1448 viros
722 1393 946 1471 acceptosque
960 1378 1053 1460 Diis,
1071 1377 1248 1461 laborare,
1260 1401 1320 1446 su-

247 1495 348 1577 dare,
365 1520 430 1590 per
447 1493 592 1564 arduum
609 1495 795 1564 escendere
806 1502 834 1579 ²,
857 1496 961 1564 malos
980 1512 1092 1564 nutem
1107 1495 1264 1564 lascivire
1283 1513 1321 1562 et

245 1610 475 1706 voluptatibus
489 1612 618 1692 fluere,
640 1613 753 1706 cogita
770 1613 919 1680 filiorum
936 1637 998 1680 nos
1017 1610 1181 1680 modestis
1199 1609 1317 1680 deiec-

248 1727 332 1809 tari,
352 1725 570 1796 vernularum
591 1726 730 1794 licentia
745 1753 752 1793 :
769 1725 845 1795 iilos
858 1725 1039 1820 disciplina
1052 1727 1194 1795 tristiori
1208 1728 1320 1795 conti-

246 1841 341 1924 neri,
364 1841 488 1910 horum
504 1841 551 1910 ali
564 1841 751 1910 audacium.
772 1840 867 1911 Idem
882 1842 943 1909 tibi
957 1840 1001 1909 de
1011 1843 1084 1910 Deo
1095 1841 1236 1934 liquent.
1253 1845 1320 1910 Bo-

245 1981 327 2023 num
346 1957 458 2026 virum
476 1958 513 2024 in
534 1955 665 2024 deliciis
686 1980 756 2025 uon
775 1957 881 2024 habet
904 1984 912 2024 ι
933 1958 1130 2050 experitur,
1152 1954 1313 2040 indurat,

246 2072 311 2140 sibi
324 2072 421 2140 illum
434 2088 616 2167 praepsrst.

294 2191 338 2258 II.
362 2190 481 2282 Quare
504 2188 609 2258 multa
627 2188 725 2256 bouis
749 2189 830 2256 viris
849 2185 991 2257 adversa
1008 2189 1199 2258 eveniunt?
1220 2189 1317 2257 Nihil

245 2307 402 2375 occidere
416 2306 506 2373 bono
519 2307 593 2373 viro
606 2305 685 2372 mali
700 2319 811 2398 potest
823 2331 833 2390 3
849 2328 918 2373 non
931 2307 1117 2374 miscentur
1129 2307 1312 2375 contraria.

244 2417 538 2513 Quemadmodum
559 2433 608 2487 tot
624 2441 765 2500 amnes,
787 2433 918 2486 tuntum
938 2442 1086 2512 superne
1106 2416 1317 2512 dejectorum

244 2533 424 2615 imbrium,
435 2547 529 2602 tantu
544 2530 873 2600 mediterraneorum
882 2532 934 2600 vis
944 2533 1088 2600 fontium
1101 2556 1170 2601 nou
1182 2547 1318 2600 mutent

244 2672 398 2741 saporem
419 2649 521 2716 maris
539 2672 604 2716 nee
623 2647 802 2714 remittunt
820 2646 959 2740 quidem
978 2642 1005 2714 ³:
1031 2649 1080 2715 itu
1094 2645 1317 2716 adversarum

245 2767 390 2860 impetus
408 2789 524 2834 rerum
542 2767 608 2834 viri
626 2764 722 2832 fortis
745 2787 814 2832 uon
831 2764 934 2834 vertit
952 2765 1116 2832 animum.
1138 2767 1257 2833 Mouet
1279 2767 1318 2832 in

244 2895 352 2964 stam,
366 2897 401 2948 et
409 2878 579 2974 quidquid
587 2879 702 2948 evenit
711 2880 748 2946 in
758 2903 856 2947 suum
866 2879 1014 2948 colorem
1024 2881 1140 2948 trahit.
1154 2883 1214 2948 Est
1224 2880 1318 2948 enim

244 2999 400 3067 omnibus
423 2999 571 3066 externis
594 2997 789 3091 potentior-3
815 3021 881 3064 neo
900 2997 966 3065 hoe
988 2994 1064 3065 dico
1091 3023 1099 3063 :
1126 3020 1195 3065 uon
1212 2998 1319 3066 sentit

244 3117 323 3200 illa,
341 3115 401 3186 sed
418 3117 543 3198 vineit,
561 3131 596 3184 et
611 3114 764 3206 alioquin
781 3115 918 3206 quietus
936 3112 1180 3207 placidusque,
1198 3130 1317 3183 contra

279 3332 701 3388 1.Necesstmdo.1tecosiudines
712 3350 753 3404 ap·
800 3331 960 3394 urceum,
983 3343 1012 3383 ut
1034 3331 1117 3402 priore
1138 3331 1213 3395 ioco,
1234 3330 1318 3382 multo

243 3413 400 3485 pellebantur
413 3413 536 3466 Romanis
551 3425 595 3464 eut
608 3410 753 3463 assensione
801 3409 898 3463 neutior
905 3421 930 3462 et
937 3408 1059 3472 viridium
1066 3409 1159 3482 quippe
1169 3427 1224 3480 qun
1233 3427 1320 3462 ucen-

243 3488 753 3562 dimnaticum,quibmdevintiinonjtm
801 3488 1318 3563 dentisuisumcleresignificet,etteuto

243 3568 310 3632 duo,
321 3569 366 3620 sed
377 3589 459 3621 uuum
473 3569 535 3640 quid
547 3581 571 3620 et
583 3567 652 3618 idem
665 3577 752 3630 erant,
802 3570 844 3622 isti
861 3569 988 3622 vocabulo
1010 3570 1186 3634 (ascendere)
1199 3580 1299 3642 prestet
1312 3607 1321 3633 ‚

242 3659 285 3699 ²¹¹!
295 3647 491 3720 propinquitfliet
502 3644 702 3716 affiniumque3
713 3643 753 3695 hi!
801 3662 900 3720 quanto
913 3649 978 3723 apud
994 3650 1125 3702 Nostrntes
1136 3649 1163 3700 ei
1171 3650 1264 3716 μυσὶν
1273 3668 1319 3700 ω-

242 3725 311 3778 enim
322 3727 394 3797 quasi
405 3726 543 3778 neceturio
554 3724 655 3778 videtur
663 3736 752 3776 nature
801 3725 886 3798 petius
897 3739 933 3778 est
941 3725 975 3793 τῷ
982 3727 1084 3780 ε’ὁὶευιν
1091 3739 1135 3779 eut
1144 3736 1252 3778 menter.

242 3804 405 3856 connexuisse
416 3803 516 3856 animos
526 3815 550 3855 et
561 3802 710 3856 devinxisse.
834 3805 858 3857 3.
873 3805 934 3858 Non
947 3815 1053 3858 nmtont
1054 3842 1094 3858 .....
1107 3807 1242 3856 remittunt
1257 3807 1320 3872 qui·

275 3901 298 3935 o.
317 3883 465 3936 Eseendere.
487 3881 527 3931 En
543 3879 586 3932 hie
602 3899 687 3931 rursus
707 3877 752 3930 iile
800 3882 868 3933 dem.
879 3883 912 3934 Η.
923 3881 1150 3934 e.emeritudinem
1160 3880 1229 3933 hane
1239 3877 1318 3932 nimii

243 3978 292 4011 vox
302 3960 431 4012 escendere
440 3957 548 4010 occurrit
560 3977 636 4028 quem
648 3977 700 4010 nou
711 3978 750 4010 se·
800 3957 859 4010 salis
869 3960 939 4030 quod
948 3959 997 4012 sibi
1008 3959 1147 4012 admixtum
1155 3956 1262 4012 murina
1271 3977 1318 4009 un·

242 4037 293 4090 mel
305 4037 444 4092 nonanis
453 4037 481 4088 in
492 4034 563 4088 libris
578 4047 705 4107 repertum
720 4033 751 4086 iri
801 4036 1040 4103 dutircumierunt,
1047 4051 1089 4090 eut
1096 4037 1192 4089 tollunt
1199 4035 1320 4092 omuino.

241 4135 315 4188 supra
333 4115 382 4183 (de
393 4113 488 4186 Treuq.
503 4114 589 4166 einim.
604 4132 658 4187 cap,
669 4113 753 4166 ultim.
802 4126 844 4168 eut
855 4113 1020 4170 imminuunt.
1034 4115 1163 4168 Neutrum
1181 4134 1242 4167 vero
1260 4112 1320 4166 fieri

242 4195 272 4247 Τ.
284 4193 306 4261 l,
316 4214 373 4267 pag.
385 4193 432 4259 347
444 4193 455 4260 )
466 4191 678 4259 ωονεηνίιιιιιες
689 4199 754 4266 etro?
803 4205 863 4246 note
874 4214 913 4246 res
923 4207 968 4249 est.
