2812 4898
222 381 263 448 30
512 377 584 444 DE
607 377 990 448 PROVIDENTIA

219 521 342 578 servat.
363 508 491 576 Erratis
506 509 650 590 etenim,
666 509 815 600 siquem
828 503 991 598 judicatis
1004 521 1183 600 exceptum
1201 533 1209 574 t
1225 529 1281 576 ve·
1388 575 1389 578 ,

179 635 196 688 t
219 628 292 700 niet
314 623 359 694 ad
381 625 476 692 illum
500 623 561 694 diu
584 626 716 694 felicem
739 648 800 692 sua
822 623 945 716 portio.
967 623 1133 716 Quisquis
1149 620 1283 692 videtur
1388 659 1389 664 1

221 742 377 811 dimissus
390 763 483 817 esse,
504 740 630 808 dilatus
647 756 710 810 est.
733 740 851 830 Quare
874 739 966 808 Deus
984 741 1145 832 optimum
1164 765 1283 832 quern-

220 869 364 949 queaut
385 853 472 922 mala
488 852 702 936 valetudine,
724 869 784 922 aut
799 853 876 922 aliis
895 853 1133 939 incommodis,
1153 855 1286 924 allicit?

220 973 337 1063 Quare
356 971 392 1038 in
408 971 526 1038 cestris
546 993 681 1061 quoque
698 970 886 1063 periculosa
905 970 1094 1040 fortissimis
1115 973 1287 1064 imperan-

222 1089 301 1158 tur?
316 1089 390 1158 Dux
410 1086 607 1156 lectissimos
621 1087 742 1168 mittit,
762 1087 822 1178 qni
841 1088 1016 1154 nocturnis
1034 1087 1147 1156 hostes
1164 1111 1287 1180 aggre-

221 1203 359 1277 dinntur
377 1201 529 1286 insidiis,
548 1219 606 1272 aut
625 1203 804 1296 explorent
818 1203 912 1286 iter¹,
925 1217 985 1270 aut
1000 1203 1195 1296 presidium
1217 1203 1288 1272 loco

222 1315 396 1410 dejiciant.
417 1319 524 1386 Nemo
541 1341 659 1386 comm
672 1317 732 1408 qui
745 1331 890 1399 exeunt,
909 1314 993 1384 dicit
1011 1342 1019 1382 ε
1039 1343 1056 1380 s
1072 1317 1163 1386 Male
1175 1316 1221 1384 de
1235 1339 1288 1384 me

226 1459 243 1498 s
264 1431 447 1525 imperator
460 1433 663 1502 meruit²2s
691 1430 775 1514 sed,
806 1434 933 1500 «Bene
947 1431 1127 1524 judicavit.
1153 1459 1170 1497 s
1193 1431 1288 1500 idern

223 1547 339 1618 dicant
356 1549 562 1640 quicumque
575 1547 743 1640 jubentur
758 1549 829 1642 pati
842 1547 969 1616 timidis
982 1549 1181 1641 ignavisque
1195 1549 1292 1616 flebi-

222 1663 280 1733 lia.
299 1662 404 1755 Digni
417 1661 481 1730 visi
496 1686 610 1730 sumus
623 1664 715 1744 Deo,
734 1664 771 1731 in
784 1662 909 1755 quibus
928 1665 1153 1757 experiretur,
1177 1688 1290 1757 quan-

224 1793 295 1848 tum
313 1777 464 1846 humana
480 1793 601 1846 natura
619 1793 733 1870 posset
752 1779 837 1871 pati.
859 1780 983 1873 Fugite
1005 1779 1162 1866 delicias3
1181 1783 1291 1876 fugite

222 1908 415 1962 enervatam
430 1892 644 1974 felicitatem,
660 1917 729 1984 qun
736 1894 841 1962 animi
852 1894 1133 1988 permadescunt,
1149 1898 1216 1964 nisi
1228 1896 1292 1964 ali·

223 2008 308 2100 quid
332 2010 538 2092 intervenit,
564 2008 656 2100 quod
674 2010 830 2077 humente
853 2011 954 2078 sortis
977 2009 1175 2094 admoneat,
1196 2013 1293 2081 velut

183 2158 200 2210 9
224 2141 389 2218 perpetua
410 2125 575 2195 ebrietate
598 2126 711 2218 sopiti.
735 2125 847 2215 Quem
864 2117 1074 2219 specularia³
1094 2151 1232 2220 semper
1248 2127 1292 2196 ab

224 2238 352 2308 adflatu
370 2238 609 2323 vindicarunt,
638 2240 736 2331 cujus
752 2239 857 2332 pedes
873 2240 965 2308 inter
978 2241 1124 2310 fomenta
1143 2243 1292 2310 subinde
1394 2259 1395 2264 ’

223 2373 353 2434 mutata
369 2373 570 2450 tepuerunt,
589 2355 687 2448 cujus
700 2356 905 2423 coenstiones
923 2354 1078 2425 subditus
1095 2373 1130 2424 et
1147 2361 1293 2450 parieti·

222 2471 288 2542 bus
313 2471 537 2542 circumfusus
557 2470 649 2540 calor
669 2471 889 2563 temperavit,
908 2471 1001 2540 bunc
1019 2472 1103 2540 levis
1119 2497 1204 2540 aura
1221 2497 1293 2542 non

171 2632 203 2665 ,ο
224 2589 298 2656 sine
308 2588 461 2681 periculo
474 2589 633 2681 stringet.
647 2587 763 2680 Quum
778 2588 890 2655 omnia
903 2611 979 2679 quse
989 2605 1206 2657 excesserunt
1219 2615 1295 2658 mo-

223 2705 329 2788 durn,
351 2721 516 2787 noceant,
537 2703 819 2796 periculosissima
843 2703 1012 2772 felicitatis
1028 2706 1293 2800 intemperantia

258 2899 441 2966 utin-plorent
454 2901 508 2952 iter.
523 2895 594 2950 Bene
609 2915 634 2948 so
648 2895 731 2953 babet.
779 2897 918 2970 Egregium
937 2895 1055 2950 adversus
1073 2911 1233 2970 tempestates
1249 2923 1293 2956 re-
1393 2947 1394 2960 ,

223 2976 301 3039 ΑΙίἰ,
327 2979 459 3046 exples-eut
486 2977 640 3036 interdum,
660 2975 729 3026 unde
779 2973 933 3046 teptsculuut
951 2993 958 3026 r
978 2993 1037 3026 nam
1054 2975 1243 3046 specularibus,
1267 2991 1292 3032 st
1393 2969 1394 3056 ]

223 3053 321 3126 Lipsius
337 3055 396 3108 fecit
413 3054 538 3117 interdiu,
555 3065 583 3106 ut
602 3054 730 3106 nocturnis
779 3053 858 3106 multo
877 3053 957 3125 magis
969 3053 1138 3106 eminentibus
1148 3055 1220 3107 tertis
1232 3077 1291 3109 sun-
1393 3075 1394 3094 ¹

222 3143 363 3205 opponatur
373 3129 479 3184 insidiis·
779 3129 891 3184 oinnmr.
903 3153 917 3176 ν
931 3131 961 3182 ln
979 3129 1075 3184 balneis
1089 3151 1191 3202 quoqne
1212 3153 1289 3186 usum

256 3226 279 3258 α.
289 3207 514 3262 Male.....mentit.
527 3207 545 3260 l.
561 3227 582 3260 e.
593 3207 729 3281 imperator
777 3205 942 3279 specularium
954 3207 1029 3260 fuisse
1038 3221 1140 3262 testatur
1151 3221 1175 3262 et
1183 3211 1288 3277 Noster,

223 3302 264 3336 ms
274 3283 340 3338 male
351 3283 446 3338 babuit
778 3285 1175 3360 dsbslneorumlnxurissgsns‚
1188 3289 1289 3361 epistol.

256 3358 280 3410 3.
302 3358 386 3430 Quem
402 3364 557 3431 specutan'a·
573 3361 729 3414 Fenestrtes
778 3364 829 3417 aa:
848 3387 860 3410 s
873 3365 986 3438 Pauper,
1005 3366 1103 3436 inquit,
1125 3365 1173 3419 sibi
1185 3367 1289 3422 ridetur

223 3432 306 3506 lapide
315 3437 438 3508 speculari
448 3438 503 3490 lieri
512 3438 593 3492 solita
602 3439 668 3509 apud
680 3441 729 3493 Ve-
778 3459 806 3494 sc
817 3441 949 3506 sordidus,
963 3443 1011 3496 nisi
1024 3443 1127 3515 parietes
1142 3447 1245 3517 magnis
1265 3460 1290 3499 et

223 3523 305 3564 teres:
322 3514 394 3586 Lapis
410 3515 545 3587 speculeris
562 3528 598 3568 est
617 3528 730 3568 nosunm
779 3519 890 3590 pretiosis
901 3519 1003 3572 orbibus
1015 3519 1180 3573 refulserint...
1193 3523 1291 3591 Quen·

222 3587 308 3654 spotb.
325 3589 472 3660 speculeris
484 3612 529 3644 seu
539 3591 677 3662 speculares
693 3593 730 3646 ls-
778 3595 983 3666 tennncsliquis
991 3597 1131 3650 rusticitatis
1138 3599 1289 3672 Seipionem

222 3664 293 3735 pides
307 3668 410 3719 mauris
420 3667 536 3738 quedam
546 3667 633 3720 lucida
645 3683 728 3736 erant,
778 3669 889 3736 damnet,
896 3673 964 3742 quod
970 3673 1203 3726 noninesldsrium
1211 3695 1289 3730 snum

222 3754 247 3794 et
256 3741 334 3794 instar
343 3743 406 3795 seris
419 3757 584 3816 transpsrens.
598 3744 669 3798 Hanc
681 3748 730 3798 Ve-
778 3749 1248 3821 totisspecularibusdiemadmiserit?-
1257 3757 1289 3808 ln

221 3833 285 3873 teres
291 3822 403 3874 fenestris
410 3821 729 3900 imponebantutuostrum
777 3824 844 3876 sellis
858 3827 933 3878 etiam
944 3827 984 3879 vsl
998 3827 1094 3880 lecticis
1114 3831 1231 3902 agnoseit
1241 3831 1290 3885 Ju-

220 3896 727 3974 vitrum:debocPliniuannior,Ep.Il,
777 3903 882 3966 venalis,
893 3903 1067 3969 Sat.1V,v.21
1078 3906 1176 3973 tsQute
1183 3907 1290 3962 vehitur

224 3975 729 4048 17:«DeindeportieusinDliteroesimi·
777 3980 1100 4055 clausolstisspecnlsribns
1110 3988 1288 4040 rutro.»Tum

219 4053 353 4106 limdinem
377 4053 532 4108 circumscte
545 4053 653 4124 :quibus
670 4075 727 4129 per·
777 4070 801 4109 et
814 4056 853 4109 bis
865 4058 965 4112 arbores
977 4059 1094 4130 quedam
1103 4099 1111 4128 ,
1121 4082 1195 4129 uve,
1209 4083 1287 4128 rose,

220 4129 294 4194 vulo,
312 4129 355 4182 sed
376 4129 482 4195 festiva,
503 4151 559 4184 area
583 4133 727 4187 includitur.
777 4155 933 4202 cucumeres,
948 4151 971 4190 et
982 4138 1008 4190 itl
1020 4159 1099 4210 genus
1109 4141 1158 4193 alie
1168 4161 1215 4214 per
1229 4143 1289 4196 bie-
