2812 4898
419 688 773 754 ARGUMENTUM.

527 943 659 965 *

95 1151 313 1224 l.lntroitushujus
321 1151 501 1204 consolationis
510 1151 736 1226 apprimeelegans,
745 1161 769 1204 ct
776 1147 1002 1224 prudenterctcum
1011 1164 1062 1204 arte
1069 1173 1129 1226 pru·

73 1236 173 1289 nittitur.
189 1235 299 1310 Exponit
309 1254 423 1300 canuam,
432 1254 535 1287 eurnon
547 1234 615 1308 prius
624 1247 732 1287 matrem
741 1233 883 1286 consolatus
890 1247 965 1298 esset,
978 1255 1054 1306 quam
1064 1248 1130 1287 tem-

74 1320 128 1388 poris
138 1319 215 1392 spatio
233 1317 345 1389 quodam
364 1315 624 1390 praeterlapso.'Nunc
641 1337 667 1369 se
681 1315 863 1368 consurrexisse
879 1315 1004 1390 priorem,
1026 1328 1050 1367 et
1061 1336 1128 1368 nova

70 1403 203 1456 consolandi
223 1404 319 1456 ratione
329 1402 377 1454 uti.
393 1402 482 1473 Sperat
493 1403 546 1454 l'ore
560 1415 588 1453 ut
600 1401 650 1454 hoc
662 1402 762 1473 ipsum,
777 1400 847 1472 quod
857 1413 985 1470 tamquam
998 1400 1086 1455 infelix
1104 1415 1128 1455 et

30 1536 32 1545 .
71 1489 128 1541 ersul
142 1507 198 1541 suos
211 1487 370 1550 consoletur,
388 1500 494 1539 matrem
512 1487 542 1538 ad
558 1485 741 1538 allocutionem
756 1505 828 1537 suam
849 1484 1002 1538 audiendam
1018 1497 1127 1539 moveat.

69 1572 97 1636 ll,
107 1573 148 1623 lll.
156 1574 244 1642 Quum
255 1571 340 1642 itaque
353 1583 450 1642 tempus
461 1569 514 1621 vim
528 1589 597 1622 suam
612 1568 645 1622 ad
657 1568 827 1640 mitigandum
839 1568 924 1620 matris
934 1569 1049 1622 dolorem
1057 1589 1125 1623 exer·

68 1655 304 1726 auisset‚tranqnille
316 1655 437 1719 modum,
455 1675 506 1726 quo
520 1655 548 1706 in
563 1654 650 1708 dolore
661 1651 843 1728 compescendo
854 1653 891 1705 uti
905 1653 980 1720 velit,
995 1654 1105 1708 declarat
1117 1675 1124 1718 ;

68 1742 197 1813 etprimum
205 1739 284 1803 mala,
301 1759 357 1809 quse
369 1739 419 1812 iam
430 1759 501 1812 passa
510 1740 542 1791 sit
553 1751 632 1790 mater
650 1737 789 1790 admodum
800 1738 902 1811 gravia,
919 1738 1026 1811 exponit.
1036 1740 1083 1804 lv,
1094 1739 1125 1790 V.

67 1823 156 1876 Deinde
165 1823 249 1885 docet,
261 1824 336 1875 matri
345 1822 442 1875 nullam
458 1842 558 1875 causam
570 1842 636 1888 esse,
650 1841 694 1874 cur
702 1819 787 1873 dolcat
798 1820 928 1892 lugeam,
939 1820 1061 1890 quoniam
1073 1821 1125 1894 ipse

67 1909 126 1960 exsul
144 1909 208 1962 nihil
225 1907 341 1983 patiatur,
360 1907 549 1981 propterquod
572 1927 630 1959 vere
651 1906 728 1980 possit
748 1905 799 1957 dici
814 1905 905 1968 miser3
930 1925 958 1957 ea
974 1905 1054 1969 enim,
1068 1925 1125 1976 quas

66 1995 126 2068 apud
140 2015 184 2047 nos
198 1995 305 2047 nomine
315 1991 431 2046 secundas
448 1991 589 2045 adverraeve
608 1991 715 2044 louuuae
727 1989 843 2055 veniant,
854 1986 886 2041 ad
897 1989 1034 2042 adventitia
1044 1991 1126 2064 perti-

24 2101 25 2104 *
66 2099 132 2146 nere,
151 2079 260 2151 ideoque
275 2091 299 2131 et
315 2078 397 2152 ipsum
409 2077 533 2130 exsilium.
544 2077 661 2144 v1‚v11.
677 2073 759 2146 Quod
768 2095 848 2147 quum
861 2075 1057 2128 commutatione
1073 2075 1124 2129 loci

24 2181 25 2194 ¹
67 2165 228 2228 contineatur,
248 2162 323 2216 l'atile
342 2175 425 2236 patere
440 2161 550 2214 ostendit
564 2160 591 2213 in
611 2181 641 2213 co
660 2159 726 2212 nihil
742 2158 803 2211 mali
818 2158 914 2211 inesse:
926 2158 1049 2232 primum,
1064 2161 1124 2230 quia

66 2246 167 2300 hominis
184 2260 280 2300 naturae
298 2246 385 2298 innata
400 2245 433 2297 sit
445 2244 497 2297 loci
510 2265 538 2296 ex
547 2243 604 2297 loro
623 2243 742 2305 mutatio,
763 2239 833 2314 quod
846 2255 870 2296 et
879 2262 927 2294 usn
938 2243 1086 2314 quotidiano
1100 2259 1124 2298 et

24 2329 25 2350 ²
64 2331 157 2385 historia
176 2331 266 2406 probat
283 2331 354 2382 VllI.
373 2330 459 2400 anue
479 2329 531 2402 ipsa
549 2327 640 2382 insulae
655 2327 764 2380 Corsicae
775 2345 781 2380 :
793 2326 904 2392 deinde,
925 2327 993 2398 quod
1004 2328 1122 2381 ubicum-

64 2437 125 2486 que,
139 2415 177 2468 vel
188 2417 215 2468 iu
228 2415 286 2468 loco
300 2413 465 2466 decentissimo
479 2426 503 2464 et
514 2411 660 2465 humillimo
669 2411 784 2485 tugurio,
797 2432 875 2482 quum
885 2413 972 2465 eadem
985 2431 1068 2465 rerum
1075 2433 1121 2466 na·

64 2511 112 2551 tara
123 2512 175 2553 tum
185 2499 277 2552 virtute
294 2497 332 2550 uti
348 2496 426 2568 possit
445 2495 530 2560 essul,
543 2495 611 2567 quod
624 2492 739 2547 Marcelli
748 2494 867 2568 praeclaro
880 2493 992 2568 exemplo
1006 2495 1120 2552 illustrat·

64 2584 180 2638 Ix-xn.
190 2579 358 2636 Incommoda
369 2593 467 2644 antem,
478 2580 592 2634 exsilium
606 2579 766 2642 comitantia,
778 2579 851 2631 lacile
861 2575 961 2632 tolerari
976 2600 1047 2652 posse
1058 2601 1073 2632 a
1083 2601 1121 2633 sa-

24 2647 26 2716 l
64 2665 154 2736 pientia
162 2667 290 2729 studioso,
302 2687 325 2717 e.
336 2687 360 2738 g.
370 2677 548 2739 paupertatem.
561 2665 598 2715 lta
613 2663 640 2715 vi
650 2661 771 2737 oppositi,
786 2663 813 2715 in
829 2659 941 2716 avaritiae
957 2683 987 2716 ac
998 2663 1118 2729 luxurie,

24 2751 26 2864 p
64 2751 140 2804 omnia
150 2749 334 2815 subvertentis,
354 2747 480 2801 irisaniam
499 2747 634 2801 invehitur.
647 2747 758 2800 Animus
777 2745 940 2820 tranquillus,
967 2749 1063 2820 pergit,
1080 2749 1120 2803 his

63 2839 211 2910 supervacuis
223 2835 295 2889 l'acile
307 2834 401 2887 carebit
411 2833 452 2886 vel
465 2834 491 2886 in
504 2834 607 2896 exsilio,
621 2834 699 2904 quid,
714 2823 782 2904 quod
801 2854 920 2907 pauperes
930 2832 1053 2888 feliciores
1062 2837 1120 2889 diti-

64 2921 138 2976 oribus
146 2923 208 2985 sint,
226 2920 303 2973 ethos
311 2922 455 2990 frequenter
461 2917 607 2971 conditione
616 2938 753 2992 pauperum
766 2917 802 2970 uti
816 2931 928 2990 oporteat
938 2937 945 2970 τ
956 2920 1067 3000 exempla
1076 2941 1119 2974 an·

64 3003 131 3074 tique.
142 3005 209 3056 Xlll.
223 3005 264 3056 Ne
280 3015 363 3056 tarnen
375 3003 430 3074 quis
444 3014 514 3074 putet
524 3041 531 3068 ,
542 3001 642 3076 singula
653 3001 756 3072 quidem
771 3000 875 3057 malain
887 3002 974 3055 exsilio
984 3003 1042 3056 satis
1052 3003 1118 3055 hene

24 3071 26 3152 l
63 3086 166 3140 sutineri
176 3107 264 3162 posse,
276 3106 328 3139 uon
340 3086 401 3139 item
411 3086 512 3150 omnia,
526 3105 583 3157 quar
591 3083 667 3138 simul
674 3084 751 3138 exsuli
762 3084 863 3147 adsint,
873 3105 926 3159 eg.
938 3097 1116 3158 paupertatem,
1149 3123 1152 3130 1

24 3207 26 3260 p
65 3169 236 3240 ignominiam,
247 3182 418 3235 contemtum,
427 3169 469 3221 ille
481 3189 567 3222 secum
574 3182 680 3243 reputet,
692 3189 750 3220 eum
761 3169 805 3238 qui
814 3189 893 3221 unum
910 3169 1005 3222 malum
1014 3170 1116 3236 toleret,

24 3263 25 3284 ¹
65 3266 85 3304 et
96 3255 176 3306 omnia
186 3253 308 3317 tolerare,
321 3253 384 3305 sicut
391 3251 468 3304 altera
478 3265 547 3326 parte
554 3252 598 3324 qui
609 3272 661 3305 una
670 3251 761 3305 virtute
770 3252 888 3326 gaudeat,
899 3254 1017 3306 omnibus
1023 3255 1117 3307 ceteris

64 3339 101 3390 uti.
121 3339 184 3408 Qun
202 3358 282 3410 quum
295 3338 329 3390 ita
343 3337 410 3402 sint,
429 3334 557 3409 siguificat
570 3357 596 3388 se
614 3335 810 3408 haudquaquam
827 3337 947 3390 miserum
957 3335 1008 3390 dici
1027 3357 1116 3409 posse,

63 3437 134 3491 neque
153 3420 218 3472 adeo
234 3421 263 3472 in
280 3439 324 3471 sua
334 3418 480 3471 conditione
495 3437 594 3470 oausam
605 3417 686 3470 luctus
699 3437 727 3469 ac
739 3417 853 3470 moeroris
870 3418 953 3470 latere.
968 3419 1039 3470 xlv.
1056 3421 1115 3471 Jam

24 3539 25 3554 r
63 3503 132 3574 pergit
141 3503 172 3555 ad
181 3522 267 3555 causas
278 3515 384 3566 ceteras,
399 3521 455 3573 quar
467 3513 572 3554 snutrein
587 3501 618 3553 ad
631 3500 726 3554 luctum
739 3501 892 3573 perducant,
903 3500 1062 3554 refellendas.
1076 3501 1115 3555 Ae

24 3615 25 3656 3
63 3584 159 3654 phanum
170 3600 273 3648 monet,
285 3598 389 3638 matrem
402 3606 455 3639 nou
474 3606 548 3660 cgere
559 3583 598 3637 sui
609 3583 736 3658 praesidii,
751 3584 820 3654 quod
833 3604 971 3656 numquam
985 3605 1037 3638 ase
1046 3585 1115 3638 inco-

24 3683 25 3720 l
62 3667 115 3722 lurni
125 3671 251 3742 petiverit,
262 3691 340 3741 quum
348 3691 428 3742 neque
440 3669 570 3722 ambitiosa
582 3669 832 3742 sit,nequegratiam
843 3684 886 3723 aut
900 3670 1036 3743 potentiam
1049 3670 1115 3724 filio-

64 3771 111 3803 rurn
122 3775 230 3826 unquam
247 3755 413 3807 ostentaverit
426 3755 483 3805 XV.
494 3753 611 3806 Secundo
628 3766 711 3805 autem
727 3753 782 3806 loeo
795 3751 948 3807 desiderium
965 3753 1013 3806 lilii
1028 3755 1114 3808 dilecti

66 3853 152 3888 trusam
167 3839 267 3910 quidem
282 3839 363 3891 luctus
378 3837 494 3890 eximiam
509 3857 568 3890 esse·
580 3836 653 3887 XVI.
672 3835 723 3888 Sed
738 3849 826 3890 contra
843 3835 908 3889 illud
926 3836 1040 3890 hortatur
1056 3855 1113 3890 eant

68 3915 153 3970 virtutis
163 3933 186 3971 et
195 3920 418 3992 fortitudinis,qna
429 3932 528 3972 caeteras
535 3920 575 3972 sui
587 3919 635 3972 sevi
648 3920 753 3971 feminas
766 3921 839 3975 facile
850 3920 993 3984 antecedat,
1003 3920 1113 3974 similem

71 3993 180 4052 Cornelias
189 4001 375 4067 Gracchorum,
389 4012 413 4053 et
426 4000 530 4055 Rutilio
541 4000 622 4054 Cottae
627 3999 722 4052 matris.
735 4000 794 4054 Jam
807 4021 886 4071 quum
899 4000 979 4054 luctus
993 4001 1111 4055 remediis

73 4081 210 4151 sugantur,
221 4107 243 4139 e.
254 4107 279 4159 g.
293 4087 376 4152 ludis,
391 4085 695 4160 peregrinationibussetc.
712 4083 863 4139 difficillime
878 4087 1001 4158 compesci
1022 4087 1111 4158 possit,

75 4163 144 4218 madet
150 4170 231 4233 matri,
243 4183 271 4223 nt
278 4171 391 4223 animum
401 4168 553 4224 adliheralia
559 4167 761 4244 studiaapplicet.
773 4171 904 4224 Accedunt
913 4171 995 4226 studia
1002 4171 1112 4224 duorum

218 4251 261 4316 ss.
970 4251 991 4335 l
