2812 4898
283 497 327 560 36
582 491 651 558 DE
677 493 1056 563 PROVIDENTIA

282 625 369 694 Vide
388 649 489 718 qnam
507 627 576 694 alte
594 625 805 696 adscendere
823 625 948 696 debeat
965 629 1094 696 virtus:
1106 629 1192 697 scies
1215 628 1266 695 illi
1289 647 1348 692 non
1401 599 1402 690 l

282 767 344 834 per
358 765 479 810 secura
494 740 688 810 vadendum
704 767 792 811 esse.

394 882 579 954 Arduaprima
593 884 703 937 riaest¹
722 886 1089 957 ;etqmixnaanementes

397 967 536 1020 Enitantur
548 969 606 1040 equi
619 987 625 1019 :
638 968 726 1022 medio
738 983 774 1023 est
785 969 905 1022 altissima
916 970 997 1032 celtu

398 1051 475 1104 Unde
486 1071 556 1104 mare
569 1066 593 1104 et
604 1065 680 1106 terres
690 1054 738 1126 ipsi
748 1053 814 1106 mihi
823 1073 888 1127 ape
901 1053 988 1107 ridere

398 1137 442 1189 Fit
451 1138 546 1200 timor,
559 1151 583 1190 et
593 1138 686 1210 pavida
697 1139 805 1211 trepidat
817 1138 956 1191 formidine
968 1151 1053 1212 peetus
1064 1158 1071 1190 :

399 1219 498 1274 Ultima
509 1240 590 1290 prona
599 1219 643 1272 ria
653 1233 705 1286 est,
720 1235 744 1272 et
757 1235 814 1293 eget
824 1224 999 1275 moderamine
1010 1235 1086 1274 certo.

397 1303 471 1356 Tune
483 1303 576 1366 etiam,
590 1323 648 1374 quar
659 1325 700 1356 me
710 1304 829 1376 subjectis
843 1307 934 1380 exeipit
943 1305 1035 1366 undis,

398 1389 439 1440 Ne
451 1389 517 1440 lerar
526 1387 553 1439 in
565 1407 692 1461 praeceps,
703 1389 799 1463 Tethys
809 1390 872 1442 solet
885 1391 939 1464 ipsa
949 1391 1040 1444 vereri.

241 1534 258 1586 9
283 1511 364 1582 Haec
376 1534 482 1602 quum
495 1509 647 1578 audisset
661 1510 718 1578 ille
732 1517 933 1604 generosus²
947 1509 1144 1580 adolescens
1158 1562 1168 1592 ,
1188 1541 1205 1576 n
1222 1513 1351 1593 Placet,
1401 1549 1402 1580 ι

284 1627 416 1717 inquit,
437 1626 512 1710 νίας
532 1625 702 1710 escendo3
729 1643 782 1694 est
805 1631 888 1694 tanti
915 1653 978 1722 per
1000 1629 1065 1697 ista
1087 1622 1164 1696 ire³
1187 1655 1320 1700 casuro.
1339 1658 1354 1690 t

283 1743 359 1809 Non
379 1739 504 1810 desinit
518 1737 531 1785 ⁴
546 1765 660 1810 aerem
676 1743 827 1810 animum
840 1761 933 1812 metu
952 1746 1112 1812 territare
1130 1771 1138 1810 ι

400 1885 484 1957 thue
496 1886 564 1938 viam
578 1899 679 1952 teneas,
689 1886 810 1958 nulloque
821 1907 904 1940 errore
915 1887 1039 1953 mharis,

402 1967 452 2022 Per
462 1983 548 2022 tamen
558 1969 657 2024 adversi
666 1969 789 2044 gradieris
799 1990 894 2024 cornua
905 1969 999 2034 Tauri,

401 2053 589 2124 AEmoniosque
597 2075 687 2117 arcus,
698 2055 855 2126 violentique
866 2076 912 2108 ora
922 2055 1024 2108 Leonis.

286 2177 365 2242 Post
387 2175 461 2244 haec
476 2178 526 2244 ait
544 2203 552 2242 :
573 2177 685 2270 lunge
704 2176 800 2246 datos
815 2201 962 2244 currus:
985 2177 1039 2244 his
1053 2176 1180 2269 quibus
1194 2176 1364 2246 deterreri
1401 2171 1402 2188 ³

287 2317 342 2360 me
356 2309 478 2386 putas,
499 2296 643 2363 incitor:
657 2294 742 2362 libet
752 2294 823 2362 illie
837 2311 946 2376 stare,
963 2295 1023 2362 ubi
1037 2296 1110 2387 ipse
1128 2295 1177 2363 sol
1193 2295 1364 2389 trepidet:

286 2407 426 2477 humilis
444 2426 480 2478 et
498 2411 620 2479 inertis
642 2427 694 2480 est
717 2425 789 2478 tuta
809 2411 930 2479 sectari
947 2437 957 2494 ς
977 2433 1040 2502 per
1057 2409 1126 2478 alta
1151 2412 1262 2478 virtus
1284 2405 1350 2478 ⁵it.

337 2527 396 2593 VI.
427 2526 581 2619 «Quare
607 2543 721 2594 tamen
747 2525 847 2593 bonis
869 2525 955 2594 viris
978 2525 1107 2619 patitur
1129 2526 1264 2619 aliquid
1288 2527 1369 2595 mali

289 2644 382 2712 Deus
399 2643 475 2711 lieri
486 2645 532 2711 l»
549 2643 613 2711 Ille
625 2666 708 2710 vero
722 2666 791 2710 non
808 2642 949 2735 patitur.
970 2641 1096 2710 Omnia
1110 2637 1223 2709 mala⁶
1242 2643 1373 2712 abillis
1401 2671 1402 2688 ¹

290 2761 457 2842 removit,
476 2760 606 2829 scelera
619 2775 655 2828 et
668 2758 796 2853 flagitia
813 2808 822 2838 ‚
839 2772 875 2826 et
886 2758 1110 2850 cogitationes
1124 2757 1322 2851 improbas,
1340 2775 1374 2828 et

293 2949 381 3023 ginem
390 2949 498 3004 duriter
508 2950 641 3004 elementis
648 2949 805 3003 melioribus·
888 2950 912 3014 4.
920 2948 981 3000 Non
990 2950 1093 3003 desinit.
1101 2949 1211 3002 Plroebus
1221 2971 1315 3004 rerem
1322 2955 1378 3003 nni

331 3046 352 3078 t.
369 3029 467 3080 Ardua
482 3033 572 3098 prima
591 3033 637 3082 vala
651 3039 697 3082 est.
710 3029 805 3079 Versus
854 3027 1251 3096 mumPhaethontis.Sequentes
1262 3042 1381 3082 tresver·

295 3103 353 3157 noti
363 3117 458 3158 exstant
466 3105 535 3180 apud
547 3107 625 3160 Orid.
636 3106 807 3178 Metamorph.
855 3125 897 3156 sus
906 3105 1004 3158 ibidem
1016 3119 1112 3158 exstant
1124 3125 1163 3174 ’,τᾳ
1175 3126 1212 3176 sq·
1224 3106 1315 3178 Signa
1331 3108 1380 3158 tria

294 3182 338 3247 ll,
349 3182 398 3247 63,
412 3202 470 3255 sqq·
483 3186 518 3238 de
530 3185 697 3238 Phaethonte.
711 3187 745 3250 (r.
757 3183 809 3236 Re-
858 3203 872 3235 e
884 3183 1010 3248 zodiaco,
1020 3184 1098 3247 tauri,
1107 3183 1245 3256 sagittarii(
1257 3203 1383 3236 artussa-

294 3260 659 3335 eenles‚qnippe0cennoloti
671 3261 809 3313 ambrosia·
859 3261 954 3334 gittarii
972 3261 1091 3314 AEmonii
1110 3281 1129 3312 s.
1149 3259 1272 3312 Centauri
1289 3261 1383 3313 'lites-

297 3359 347 3409 que
357 3351 497 3411 assumpta,
512 3338 621 3410 ideoque
629 3340 712 3410 quiete
725 3339 773 3390 nsi.
787 3339 810 3390 3·
860 3337 936 3402 salia,
955 3351 999 3390 aot
1020 3337 1145 3391 AEmnnia
1161 3337 1227 3402 orti)
1248 3350 1274 3389 et
1292 3337 1383 3390 leonis

298 3418 337 3470 Ex
354 3437 406 3486 qna
425 3416 560 3470 altitudine
579 3429 686 3469 cunctor
702 3435 753 3488 prm
773 3414 812 3468 ti·
861 3415 1016 3468 Phaethonti
1029 3415 1142 3469 obviain
1153 3416 1245 3469 itinere
1257 3419 1334 3470 suu?

299 3513 371 3546 more
385 3493 521 3566 despicere.
539 3501 561 3550 5.
582 3496 685 3549 Ultima
696 3493 813 3567 partein
896 3498 920 3550 5.
934 3495 1001 3548 Post
1008 3494 1178 3548 hecolt-...it
1192 3495 1223 3546 Et
1231 3494 1290 3548 liare
1297 3496 1387 3548 Sene·
1401 3509 1402 3526 ¹

301 3572 589 3644 demergitetinclinat,
600 3573 774 3644 qunrnsolest
786 3573 813 3624 in
865 3591 913 3639 ese,
927 3591 980 3625 non
994 3585 1167 3646 pnetae,sunt.
1185 3573 1260 3644 Apud
1277 3589 1391 3642 poetam

302 3665 402 3701 neesso-
416 3668 439 3716 ς.
457 3651 513 3722 lpsa
529 3651 625 3720 Tethys
639 3651 737 3703 Oceani
751 3671 814 3704 uxor
865 3649 937 3702 enirn
944 3648 1109 3702 Phaethontis
1118 3651 1249 3723 responsio
1258 3653 1391 3707 mittitur.

303 3726 392 3800 exeipit
400 3727 535 3792 Plaoeburn;
547 3729 563 3782 i.
573 3749 594 3781 e.
603 3729 733 3782 deseendit
741 3729 818 3782 Phoe·
866 3726 942 3779 Tales
952 3727 1130 3800 explicationes
1138 3747 1204 3796 saepe
1214 3729 1311 3801 adjicit
1323 3733 1393 3788 Nos-

304 3807 351 3859 bus
363 3805 390 3858 in
404 3825 489 3871 mare,
505 3806 602 3860 oceidit
617 3807 663 3858 sol.
677 3807 818 3880 Desnrnpta
867 3818 905 3858 ter
915 3804 1041 3871 versibus,
1054 3806 1225 3880 qunsepoetis
1233 3807 1397 3864 adduxerat.

305 3881 396 3937 fietioe
406 3883 458 3936 vita
465 3884 571 3937 heroum
582 3885 627 3955 qui
639 3885 748 3938 amicum
757 3903 818 3938 eon·
901 3882 1251 3938 V1.Aas.Eanobeamam
1261 3887 1343 3942 viros
1353 3891 1398 3942 bo-

306 3963 455 4028 venientes,
468 3975 513 4015 ant
529 3985 542 4016 e
558 3963 628 4015 bello
641 3963 773 4015 redeuntes
786 3962 818 4014 ab
870 3979 916 4013 nos
931 3961 1077 4034 patiunda,
1090 3976 1119 4014 nt
1135 3962 1243 4016 doceant
1259 3977 1398 4031 caeteros3

307 4039 562 4095 ancillislavabantur
570 4049 595 4092 et
604 4040 820 4094 ministrabantur.
869 4051 895 4090 et
907 4038 966 4112 ipsis
978 4038 1127 4092 discendum
1137 4053 1187 4103 est,
1201 4059 1229 4092 ea
1241 4039 1314 4095 bene
1323 4047 1398 4117 pati:

343 4117 821 4172 2.Genemsusadolescrns.l'haethon.
871 4118 923 4171 nati
936 4117 1006 4168 enim
1018 4118 1115 4170 suntin
1130 4118 1266 4190 exemplar.

343 4197 368 4249 3.
380 4195 448 4248 Hoec
463 4215 593 4266 quumm...
604 4215 705 4250 casuro.
717 4196 821 4250 Seuere
903 4195 928 4248 6.
941 4194 1041 4248 Omnia
1053 4199 1137 4248 malo.
1158 4196 1224 4264 Quae
1237 4201 1355 4271 proprie
1365 4205 1402 4258 sir

310 4286 382 4338 sunt,
395 4293 448 4326 non
461 4273 559 4326 Ovidii.
872 4272 921 4325 dici
935 4284 1073 4326 merentur.
