2812 4898
497 466 673 533 CAPUT
699 465 750 532 ll.
1112 465 1153 532 53

85 594 292 686 magnitudo
312 594 437 662 doloris
455 595 591 664 modum
610 595 803 664 excedentis
822 619 958 662 necesse
979 610 1030 662 est
1049 593 1156 662 dilec-

99 725 163 775 tum
181 695 523 808 verborumeripiatf,
542 735 648 804 quum
658 737 746 805 caepe
761 735 875 780 rocem
887 716 1034 803 qnoque'
1051 713 1157 804 ipsam

99 825 312 894 intercludat.
337 827 526 920 Utcumque
552 829 727 910 connitor,
758 853 826 896 non
855 827 980 896 fiducia
1000 828 1154 920 ingenii,

98 940 154 1008 sed
168 945 249 1034 quia
264 969 399 1036 possum
420 947 528 1014 instar
548 946 791 1013 efficacissimae
808 945 1068 1014 consolationis²
1083 969 1157 1012 esse

98 1059 294 1138 consolator.
317 1062 380 1129 Cui
398 1061 487 1128 nihil
506 1083 671 1155 negares,
696 1053 813 1150 huic?
827 1062 891 1128 hoc
908 1062 1027 1152 utique
1045 1075 1157 1128 tenon
1252 1155 1260 1168 ἢ
1364 1111 1373 1122 ,

97 1201 167 1245 esse
184 1193 383 1270 negaturam
403 1179 626 1268 (licetomnis
639 1199 763 1245 moeror
772 1194 949 1248 contumax
963 1177 1029 1265 eit)
1043 1200 1155 1270 opero,

95 1308 132 1360 ut
143 1285 321 1361 'desiderio
337 1309 395 1361 tno
412 1295 497 1362 velis
509 1319 530 1362 a
543 1316 596 1362 me
615 1291 751 1360 modum
767 1293 881 1360 statim

139 1409 184 1475 Π.
197 1406 287 1475 Vide
297 1425 460 1500 quantum
473 1406 516 1476 de
527 1406 743 1500 indulgentia
754 1422 814 1474 tna
827 1407 1040 1500 promiserim
1052 1405 1156 1473 mihi:
1186 1431 1196 1462 ι

94 1525 317 1615 potentiorem
336 1549 390 1594 me
408 1526 560 1594 futurum
578 1524 670 1620 opud
690 1540 723 1592 te
742 1547 811 1592 non
825 1522 969 1606 dubito,
983 1547 1085 1615 qnam
1099 1521 1160 1590 do-

94 1639 197 1707 lorem
215 1655 338 1722 tunm,
360 1664 428 1732 quo
447 1639 536 1708 nihil
553 1655 604 1710 eet
621 1638 713 1732 apud
732 1640 872 1714 miseros
888 1640 1070 1733 potentins.
1093 1639 1160 1706 Ita-

93 1779 157 1845 que
175 1779 221 1822 ne
236 1749 373 1822 stutim⁴
394 1780 470 1824 cum
491 1778 532 1822 eo
554 1777 776 1836 concurram,
791 1754 897 1822 odero
918 1755 1016 1847 prius
1035 1753 1114 1834 illi,
1125 1767 1160 1820 ot

92 1869 216 1959 quibus
228 1869 397 1936 excitetur
412 1863 441 1949 ⁵,
460 1870 613 1962 ingeram
628 1895 635 1934 :
652 1869 765 1936 omniu
777 1869 969 1961 profem,
986 1883 1021 1935 ct
1031 1868 1159 1934 reoei'n·

9 2059 10 2068 ἵ
92 1981 164 2050 dam
179 1977 193 2019 ⁶
206 2007 287 2075 quae
302 1983 372 2074 jum
391 1981 539 2051 obductu
552 1999 644 2050 sunt.
661 1984 761 2053 Dicet
776 1983 903 2076 aliquit
920 2010 929 2049 z
949 1980 1081 2075 «Quod
1093 1983 1159 2050 boc
1182 1997 1202 2029 ²·

9 2083 11 2110 ⁸
96 2123 110 2158 s
130 2121 240 2190 genus
253 2113 306 2165 est
314 2095 512 2164 consolandi
524 2147 534 2179 ,
547 2097 724 2164 obliterata
736 2097 824 2166 mala
837 2119 997 2164 revocare
1009 2145 1018 2177 ,
1034 2109 1069 2162 et
1081 2097 1158 2163 oni-

9 2259 11 2310 i
95 2237 111 2276 t
131 2237 226 2280 mum
245 2213 284 2278 in
305 2212 454 2280 omnium
474 2235 699 2280 aerumnorum
720 2235 857 2280 suorum
876 2226 1060 2304 conspectu
1086 2210 1158 2278 col·

9 2353 11 2432 ξ
96 2350 111 2384 n
132 2325 270 2406 locare,
295 2327 350 2392 vix
373 2326 475 2392 unius
495 2325 703 2418 potientem?
722 2355 738 2389 n
758 2325 825 2396 Sed
842 2327 871 2394 io
887 2327 1035 2420 cogitet,
1062 2350 1157 2417 quae-

9 2433 11 2522 ξ
91 2464 236 2533 cumque
257 2463 368 2531 usqne
388 2463 428 2507 eo
447 2441 639 2533 pernicioso
655 2459 755 2524 sunt,
780 2458 819 2510 ut
838 2458 955 2510 contm
970 2439 1157 2510 remedium

9 2541 11 2614 ἷ
91 2557 329 2625 convaluerint
342 2559 368 2638 ⁷,
389 2556 592 2648 plerumque
610 2559 788 2626 contrariis
805 2559 931 2626 curari.
953 2556 1079 2626 Omnes
1093 2555 1158 2622 ita-

10 2761 13 2778 .
92 2723 271 2796 iungeretur.»
289 2723 411 2776 ltem'lib·
430 2723 480 2786 IV,
494 2743 547 2796 cap.
567 2724 598 2776 fi:
649 2723 1160 2796 ipsuminnuit.Quasidiceret:1iiiobuic

91 2802 242 2874 «Coniuges
250 2801 598 2876 commillnstrisibisangni·
649 2800 1153 2876 cuiniltiltunegares‚nonnegabis‚eto.

12 2920 15 2931 .
92 2880 597 2954 nis‚relutollocntnraepcrituroovirosn
683 2881 797 2932 lLAno.
812 2879 969 2940 Consilium,
982 2879 1158 2950 qnodincon·

12 2992 16 3009 .
124 2957 374 3012 comanorum
376 2995 416 3008 .....
436 2961 601 3012 intercludat.
651 2955 1160 3030 solandamatresequivult,indicatllia·

92 3037 164 3090 nnio
173 3037 202 3088 in
216 3055 249 3090 eo
263 3038 344 3108 posita
354 3055 406 3088 esse
418 3037 603 3108 videtur,quod
651 3035 772 3104 loigitur,
781 3036 897 3108 quaejam
908 3053 1020 3109 perpesso
1027 3033 1067 3098 sit,
1076 3033 1160 3097 moni,

94 3114 243 3189 imsginatio
263 3115 342 3168 nimis
361 3116 430 3168 luctu
445 3117 563 3182 excitata,
580 3130 605 3169 er
653 3109 1034 3182 utsibiquasiviammuniatad
1045 3109 1160 3163 consolo-

95 3195 152 3248 cnali
165 3194 318 3248 notionibus
328 3194 390 3248 atico
398 3195 498 3268 abrepta
507 3207 532 3246 et
540 3207 605 3248 extra
653 3189 763 3253 tionem,
777 3190 808 3246 in
818 3190 969 3242 memoriam
979 3201 1094 3254 revocat,
1104 3207 1161 3260 spe·

95 3292 120 3326 se
138 3274 204 3326 elata
219 3285 272 3337 est,
289 3283 331 3338 ut,
345 3291 401 3343 quse
415 3272 510 3326 scobat
523 3271 606 3324 verbis
654 3267 777 3320 notiore
788 3280 831 3334 ut,
853 3267 892 3320 his
902 3267 1005 3342 propius
1017 3265 1160 3340 perpensio,

97 3351 246 3424 vulgaribus
260 3349 341 3402 multo
351 3351 455 3402 fortiora
467 3351 606 3414 censendo,
654 3347 788 3400 hocunum
793 3347 1031 3418 malum‚quonune
1039 3346 1163 3420 opprima-

12 3443 13 3448 ’
97 3429 254 3502 imaginibus
262 3426 394 3499 verbisque
402 3427 471 3481 baud
478 3427 607 3481 sollemni·
656 3438 710 3490 tur,
728 3425 827 3477 facilius
841 3427 961 3497 perierat,
974 3426 1006 3477 ad
1018 3442 1163 3495 eoquaetn·

98 3505 141 3560 bus
151 3520 229 3578 atque
236 3506 464 3560 constructionibus
473 3506 606 3560 verborum
656 3503 808 3557 tecesseriot.

98 3583 219 3636 inauditis
230 3595 325 3649 utatur,
335 3583 457 3654 ideoque,
466 3584 537 3655 quusi
548 3604 608 3636 vcro
690 3582 714 3644 4.
733 3579 775 3632 Ne
788 3585 889 3634 statim.
901 3582 1004 3653 Lipsius
1018 3581 1166 3635 mavultnec

101 3681 130 3714 ne
140 3661 197 3717 bac
206 3663 315 3736 quidem
322 3661 607 3731 adjumentcsuificisnt,
658 3661 756 3710 statim.
770 3658 880 3731 Vulgata
893 3671 977 3710 tamen
991 3659 1068 3730 proba
1078 3674 1121 3712 ert.

13 3727 17 3792 f
101 3738 326 3792 exclamationibus
347 3740 507 3812 abruptisque
532 3739 609 3793 locu·
692 3738 715 3788 5·
726 3735 863 3804 Ingeram.
877 3735 990 3801 Pmbo,
1005 3735 1154 3788 conciliabo.

100 3815 209 3870 tionibus
219 3819 441 3872 sensasuaeiierre
457 3816 609 3870 connitatur.
691 3813 1167 3870 6.Rescindam.nenovnboviolonnr.

132 3895 610 3966 nlmtarffcaatss‘moecomolano
659 3893 711 3962 (tie
723 3892 870 3946 vulneribus
888 3894 938 3966 jam
959 3893 1050 3946 curatis
1064 3893 1167 3966 propria

103 3973 140 4024 nis
151 3977 308 4026 consolator.
320 3973 354 4024 Η.
367 3995 389 4024 e.
405 3986 429 4026 te
441 3970 611 4026 efficacissime
661 3971 739 4024 verba
758 3975 897 4026 rescindere
917 3987 941 4026 et
962 3973 1073 4024 obduci:
1090 3971 1169 4023 ovid.

104 4049 190 4115 solari,
201 4048 248 4102 tibi
261 4050 339 4102 instar
349 4048 431 4102 solatii
448 4062 471 4101 et
486 4047 614 4103 efficacis·
662 4049 738 4102 Trist.
751 4049 798 4116 ill,
809 4069 848 4110 ts.
857 4049 898 4102 63.
911 4049 1169 4115 ογἰά.Μειαω.Χ11,

105 4127 158 4180 timi
170 4125 256 4180 solatii
272 4147 332 4180 csse.
665 4127 713 4193 543
725 4131 742 4194 )
912 4135 916 4144 ’

137 4201 160 4260 3.
175 4205 267 4256 Licin..
285 4203 351 4256 hnic.
374 4205 484 4274 Utraque
498 4225 574 4272 uoce,
591 4225 616 4255 se
701 4227 723 4270 7.
736 4206 832 4258 Contra
841 4208 981 4258 remedium
995 4207 1184 4266 convaluerint..
1266 4223 1269 4228 ¹
