2812 4898
300 423 342 466 no
577 393 645 460 DE
669 393 1050 463 PROVIDENTIA

253 563 268 616 ⁵
293 525 455 594 adversus
473 545 576 615 quem
592 524 659 590 vim
680 547 773 591 suam
795 522 959 591 intendat.
986 525 1104 616 Ignem
1128 525 1297 618 experitur
1317 528 1346 592 in

293 643 406 710 Mucio
419 651 427 686 ¹
442 690 451 724 ,
468 654 700 732 paupertatem
719 641 755 707 in
774 634 952 720 Fabricio,
974 639 1180 707 exsilium‘in
1196 642 1344 722 ²Rutilio,

291 767 457 824 tormenta
477 753 513 820 in
535 753 668 846 Regulo
687 747 714 835 ³,
733 775 903 821 venenum
924 753 960 818 in
978 754 1136 834 Socrate,
1159 770 1296 822 mortem
1314 757 1345 821 in

289 871 428 940 Catone.
465 871 628 962 Magnum
654 867 865 960 exemplum,
894 869 961 936 nisi
987 869 1074 936 mala
1100 870 1255 954 fortuna,
1282 895 1344 938 non

287 986 429 1054 invenit.
450 984 569 1052 Infelix
588 999 638 1052 est
654 985 809 1069 Mucius,
826 982 919 1076 qnod
939 983 1078 1052 dextera
1094 986 1193 1078 ignes
1206 987 1344 1054 boatium

286 1103 431 1196 premit,
454 1103 573 1193 etipse
588 1124 609 1166 a
628 1123 664 1166 se
682 1099 788 1192 exigit
802 1099 928 1166 erroris
942 1099 994 1166 sui
1010 1101 1154 1191 poenas?
1172 1101 1264 1191 qnod
1282 1105 1346 1172 Rc-

284 1240 381 1310 gem,
412 1211 520 1308 quem'
536 1229 665 1282 armata
687 1237 789 1281 manu
810 1237 876 1280 non
901 1214 1031 1304 potuit,
1064 1229 1180 1281 exusta
1203 1210 1348 1310 ffugat)

284 1327 379 1422 Quid
398 1329 510 1421 ergo?
530 1327 661 1395 felicior
680 1341 785 1409 esset,
804 1328 832 1394 si
853 1329 890 1394 in
908 1329 984 1395 sinn
1003 1329 1119 1394 amicas
1137 1328 1264 1396 foveret
1282 1355 1347 1398 ma-

241 1477 257 1528 s,
281 1446 392 1513 num?
409 1443 530 1511 infelix
552 1457 605 1510 est
624 1442 803 1510 Fabricius
815 1435 841 1524 ⁵,
862 1442 953 1534 quod
967 1467 1026 1510 rus
1043 1467 1162 1526 suum,
1185 1463 1346 1536 qnantum

282 1585 301 1626 a
318 1558 507 1653 Republica
526 1559 677 1639 vacavit,
701 1557 813 1626 fodit?
831 1557 923 1650 quod
939 1558 1067 1627 bellum
1087 1575 1154 1628 tam
1171 1585 1247 1630 cum
1263 1566 1348 1656 Pyr-

281 1677 367 1758 rho,
390 1697 490 1766 quam
519 1697 595 1740 cnm
623 1670 751 1740 divitiis
778 1675 894 1766 gerit?
913 1671 1005 1765 quod
1032 1673 1076 1740 ad
1102 1675 1212 1744 focum
1238 1697 1348 1746 coennt

280 1793 355 1860 illas
371 1794 459 1886 ipsas
476 1787 629 1871 radices,
647 1805 681 1856 et
700 1789 843 1871 herbae,
862 1813 946 1882 quas
960 1791 995 1857 in
1011 1813 1093 1884 agro
1112 1784 1349 1887 ⁶triumphalis

277 2012 322 2046 vos
339 2013 397 2045 cnm
417 1994 518 2044 fortuna
539 2001 712 2062 componuut;
726 2009 786 2056 vos,
836 1989 865 2042 si
876 2011 930 2044 non
942 2005 1059 2058 errasset,
1069 1993 1161 2046 fecerat
1171 1993 1217 2046 illa
1228 1995 1321 2048 minus.
1334 2023 1347 2042 »

277 2091 292 2124 o
305 2083 452 2144 perpetuum
463 2068 529 2120 beati
539 2106 546 2133 ,
558 2067 633 2119 nihili
646 2067 754 2122 faciunt!
868 2069 892 2120 5.
903 2065 1046 2121 Fabricius
1047 2106 1088 2120 .....
1100 2071 1172 2139 quod
1181 2073 1348 2143 adsueras...

313 2168 333 2200 t.
347 2146 443 2200 Mucio.
462 2145 514 2213 Qui
530 2164 633 2196 manum
647 2164 717 2196 snam
734 2143 785 2214 ipse
834 2147 922 2197 vulsit.
934 2146 1000 2213 Quas
1010 2146 1051 2199 hic
1062 2147 1093 2199 de
1104 2149 1134 2200 F.
1149 2163 1233 2202 narrat
1242 2152 1347 2216 Noster,

276 2227 304 2280 in
314 2228 371 2280 foco
385 2225 522 2278 combussit
531 2223 653 2277 Scaevola.
664 2224 686 2274 E
697 2223 783 2285 Livio,
834 2221 879 2274 alii
891 2223 957 2288 (Cic.
968 2221 1021 2276 Cic.
1031 2224 1062 2275 de
1072 2225 1161 2278 Senec.
1173 2227 1212 2280 ab.
1220 2227 1287 2280 Ptin.
1300 2231 1348 2282 lib.

277 2303 370 2369 Floro,
390 2302 499 2374 Dionys.
514 2300 597 2354 Halia.
614 2300 658 2352 lib.
674 2302 709 2364 V,
727 2298 785 2352 Val.
834 2300 880 2364 IX,
890 2319 943 2374 cap.
961 2319 999 2374 19,
1010 2301 1050 2365 nli,
1064 2304 1095 2369 4,
1107 2302 1348 2376 Bip-Vabblaxim.

275 2379 786 2453 Maxim.lib.lll,capp.net3;Senec.
834 2377 878 2430 lib.
890 2379 939 2442 lv,
950 2380 1031 2451 cap.3
1041 2417 1048 2444 ‚
1066 2383 1089 2432 5.
1104 2381 1237 2446 etc.),de
1253 2384 1350 2438 Mani-s

275 2461 355 2532 Epist.
375 2474 451 2523 nxvr,
464 2457 509 2510 lib.
522 2460 562 2524 ll,
577 2477 630 2530 cap.
646 2475 689 2521 ω,
709 2456 785 2508 aliis-
802 2459 803 2462 ’
836 2452 914 2506 Curio
925 2454 1030 2506 tradunt
1041 2473 1139 2528 :neque
1148 2457 1208 2510 inde
1221 2459 1349 2530 colligas,

275 2557 325 2608 que
339 2549 399 2588 nota
414 2555 453 2588 res
468 2549 511 2588 est
834 2533 954 2584 Nostrum
978 2533 1083 2586 nomina
1104 2535 1218 2587 virorum
1240 2536 1351 2592 illorum

308 2637 330 2666 a.
349 2614 459 2668 Rutilio.
482 2614 558 2667 Conf.
578 2614 611 2665 ad
629 2611 732 2666 Consol.
753 2613 783 2664 ad
834 2628 975 2662 coaerorum
990 2611 1142 2664 confudisse.
1156 2614 1216 2670 Non
1229 2616 1302 2667 euim
1315 2619 1351 2670 ad

274 2693 355 2746 Marc.
371 2712 425 2762 cap.
439 2713 485 2757 aa,
501 2713 529 2758 a,
550 2704 575 2742 et
594 2689 729 2756 Athenaei,
742 2689 785 2740 lib.
834 2687 962 2741 historiam
981 2690 1092 2761 aliquam
1110 2693 1217 2764 respexit
1233 2693 1350 2756 Noster,

276 2770 323 2836 Π,
339 2789 392 2842 cap.
409 2789 455 2840 19,
468 2789 525 2842 pag.
539 2771 602 2832 255,
614 2767 654 2820 ed.
665 2767 785 2822 Scbaeser.
834 2765 878 2816 sed
890 2764 921 2818 de
932 2766 1198 2821 totavivendiratione
1210 2770 1350 2834 Fabricii,

308 2847 332 2899 3.
349 2845 489 2900 Tomenta
501 2850 528 2898 fn
542 2845 652 2914 Regulo.
667 2845 786 2917 Sequitur
835 2853 863 2892 ut
874 2841 1001 2908 hominis,
1019 2845 1136 2916 antiquos
1150 2865 1233 2899 mores
1243 2854 1350 2914 secuti,

276 2924 366 2977 Noster
376 2923 507 2995 vulgarem
521 2922 691 2975 narrationem
704 2943 717 2974 e
731 2923 785 2976 Cic.
835 2919 995 2991 ejusdemque
1015 2923 1143 2997 pauperia,
1163 2925 1279 2980 retulisse
1298 2951 1353 3004 pu-

276 3003 329 3054 Off.
346 3001 390 3054 lib.
404 3001 459 3065 lli,
471 3020 525 3070 cap.
539 3001 577 3052 ab.
594 3000 680 3051 Finib.
692 2999 736 3052 lib.
752 3003 784 3064 V,
835 2997 924 3050 landus
935 3011 978 3050 est.

276 3102 328 3156 cap.
344 3103 395 3150 27,
418 3093 464 3134 etc.
484 3092 579 3131 notam.
596 3079 686 3131 'fotam
700 3091 785 3130 tamen
866 3075 890 3128 6.
910 3079 942 3128 In
960 3098 1024 3148 agro
1044 3079 1220 3147 triumphatis.
1241 3082 1354 3155 Lipsius

276 3161 342 3214 banc
362 3159 494 3212 historiam
511 3157 651 3210 fabulosam
672 3171 696 3210 et
714 3178 784 3210 com·
832 3155 869 3206 sie
879 3157 1025 3230 repurgavit
1040 3169 1149 3222 textum,
1167 3159 1305 3216 eliminato
1315 3189 1354 3236 eq.-

277 3239 418 3292 mentitiam
427 3257 478 3290 esse
486 3237 581 3311 primus
590 3235 676 3288 docuit
686 3236 784 3288 Palma·
833 3237 1012 3303 repurgando,
1023 3237 1154 3288 nonnullis
1160 3237 1220 3290 Mas.
1228 3239 1355 3312 adstipu-

278 3318 330 3370 rius
343 3317 370 3369 in
384 3314 624 3378 Exercitationibus,
638 3327 663 3366 et
681 3313 786 3384 quidem
834 3309 951 3364 lantibus.
960 3312 1047 3365 Tacite
1059 3314 1147 3386 probat
1155 3315 1180 3366 J.
1188 3316 1225 3369 M.
1235 3317 1359 3376 Gesner.

278 3396 310 3447 ad
324 3395 429 3468 Appian.
447 3413 505 3465 pag.
523 3394 565 3461 147
583 3405 607 3444 et
628 3395 688 3455 152,
706 3392 787 3444 histo-
833 3386 873 3439 vir
896 3390 1070 3457 satistuto„
1092 3393 1123 3444 ad
1156 3392 1359 3450 Chrestomath.

278 3473 336 3526 ricis
344 3471 500 3544 argumentis
511 3470 582 3522 nixus
591 3488 597 3522 ε
606 3471 646 3522 cni
656 3471 785 3523 sentcntiae
836 3464 1009 3541 Plinianpag.
1023 3469 1085 3521 1050
1098 3471 1154 3534 (IV
1165 3471 1224 3522 edit.
1235 3475 1254 3537 ).
1265 3502 1304 3515 —
1315 3479 1360 3528 1,..

279 3564 304 3603 et
328 3549 437 3602 Garvius
468 3550 478 3614 (
490 3549 692 3616 Anmerlmngen
725 3568 787 3599 cnm
835 3563 899 3612 agiu
916 3548 1182 3614 triumphatorem,
1198 3553 1365 3608 elnonen-

279 3629 374 3679 dritten
387 3624 546 3686 Buctetdes,
569 3621 649 3674 Cicer.
661 3624 692 3674 dc
708 3622 786 3676 offic.
835 3621 868 3674 rit
887 3623 1061 3677 celeberrimus
1082 3625 1162 3678 Plinii
1184 3628 1255 3680 locus
1282 3631 1365 3684 Hist.

279 3725 335 3780 pag.
345 3706 390 3767 257
399 3737 407 3766 ,
415 3721 452 3772 sq.
462 3702 472 3767 )
482 3713 524 3764 ,ut
533 3699 697 3774 philosophus
705 3701 786 3754 ealcu-
836 3700 925 3752 Natur.
937 3701 991 3753 Lib.
1004 3703 1110 3768 XVlll,
1121 3703 1152 3770 3,
1167 3703 1211 3761 ubi
1229 3707 1264 3758 da
1284 3711 1349 3778 pri,
1358 3743 1370 3750 .

280 3781 333 3833 lum
345 3799 418 3833 sunm
433 3789 499 3830 recte
511 3776 608 3847 adiecit.
837 3777 888 3830 tina
900 3798 1018 3850 agrorum
1030 3780 1140 3833 nbcrtatc
1148 3799 1239 3853 agens:
1250 3783 1370 3851 «Qum.

312 3860 335 3924 4.
350 3857 548 3928 Quodflegem,
561 3873 637 3922 quem
646 3864 787 3907 armatu...
839 3879 852 3902 n
865 3877 923 3908 narn
949 3877 1009 3930 ergo
1032 3870 1106 3912 tantae
1128 3858 1248 3912 ubertatis
1271 3881 1376 3918 can...

269 3937 361 4008 fisgut.
377 3933 452 3987 Hand
468 3932 562 3986 abesta
576 3933 665 3986 Senec.
678 3934 787 3989 Martial.
839 3933 933 3986 serat?
946 3937 1058 4008 ipsorum
1075 3949 1137 3990 tnnc
1155 3936 1275 3990 manibus
1300 3941 1351 3995 iau
1379 3979 1387 3988 -

280 4015 469 4088 Epigrammate
490 4013 540 4084 jam
558 4011 660 4064 laudato
681 4011 785 4078 (lint,
811 4017 812 4022 ’
838 4025 1005 4082 speratorum
1016 4013 1162 4066 colebantur
1175 4015 1249 4086 agri,
1269 4031 1307 4070 ut
1323 4027 1368 4078 ἦ,
1398 4049 1399 4094 p

280 4107 354 4158 xxti,
368 4110 416 4142 vss.
428 4111 441 4161 7
455 4104 479 4143 et
495 4091 546 4156 8),
565 4089 665 4142 dicens:
681 4089 788 4160 «Major
838 4111 852 4134 a
865 4091 1019 4157 estereslere,
1030 4091 1157 4164 gaudente
1165 4105 1231 4146 terra
1242 4113 1339 4150 vome,
1348 4125 1399 4158 η.

280 4167 388 4239 deceptae
403 4169 469 4220 fama
487 4179 522 4219 est
537 4179 561 4218 et
578 4166 659 4238 gloria
677 4166 787 4220 dextrae:
839 4167 974 4220 »laureato
997 4181 1021 4220 et
1048 4169 1194 4242 triumphali
1209 4183 1337 4228 autore.
