2812 4898
260 482 303 568 du
464 477 534 546 DE
558 473 899 548 PROVIDENT.
926 475 1036 546 CAP.
1064 476 1127 544 VI.

257 606 428 702 quidquid
440 624 512 688 est,
536 612 727 700 properut¹.
745 601 900 698 Ecquid⁸
921 607 1148 678 embescitis?
1162 605 1254 699 quod
1269 623 1331 674 tom

255 730 323 797 cito
338 729 399 808 fir,
421 727 548 794 timetis
565 723 651 794 diu?
668 733 669 736 ’

254 921 408 994 conjugem,
434 928 500 972 certe
528 915 693 969 manifestum
724 928 768 969 est.
818 918 914 986 φράσεις
930 918 966 972 ita
984 918 1153 992 coaptaveris,
1175 929 1232 970 ute
1252 917 1331 992 priore

290 1018 312 1050 r.
323 997 463 1066 Properat.
476 993 613 1058 Absolute;
626 1013 680 1058 pou
690 1011 769 1059 mors,
818 995 942 1068 posterior
960 995 1084 1072 pendeat,
1100 987 1124 1050 ¹et
1140 995 1161 1050 is
1178 1015 1267 1048 seusus
1286 1008 1332 1048 ste·

252 1077 298 1130 sed
311 1061 399 1130 omni!
413 1073 468 1130 hac
483 1091 541 1145 qun
554 1070 715 1146 precedunt,
731 1070 779 1125 la«
819 1085 925 1128 tuetur:
941 1074 1018 1128 Unde
1037 1073 1196 1140 erubescitis,
1217 1074 1287 1144 quod
1306 1073 1332 1126 id

193 1197 197 1204 .
252 1174 332 1225 queus
343 1191 350 1218 ,
360 1152 402 1206 vei
414 1151 498 1217 unda,
510 1151 551 1204 vel
565 1150 658 1203 durum
668 1149 768 1215 solum,
819 1151 928 1206 timeatis
939 1153 985 1208 diu
994 1153 1063 1226 quod
1075 1154 1104 1206 fit
1116 1152 1187 1206 cito?
1198 1153 1252 1206 Sed
1264 1153 1332 1205 huuc

252 1233 294 1287 vel
308 1235 469 1286 flammarum
479 1231 518 1284 sis
526 1249 601 1284 steva-
612 1227 705 1281 Gallie.
714 1231 769 1281 selu
819 1243 934 1284 tenorem
942 1231 962 1284 si
971 1252 1018 1285 uos
1027 1230 1221 1294 admiserimus,
1232 1250 1334 1283 necesse

252 1311 500 1380 wuito-Lupum
506 1308 591 1362 minus
598 1306 676 1359 bene:
686 1305 769 1358 «Suus
818 1321 880 1363 tune
897 1321 934 1362 est
949 1329 1030 1364 uuum
1042 1331 1055 1364 e
1067 1309 1168 1383 punctis
1183 1310 1335 1383 interrogor.

196 1421 198 1430 ι
252 1388 361 1459 quelque
381 1389 463 1440 forme
478 1406 527 1458 que
542 1385 566 1438 la
584 1397 652 1437 mort
668 1403 695 1436 se
712 1389 769 1458 pre'-
819 1385 912 1452 deleri,
926 1388 996 1460 quod
1005 1401 1093 1442 eontra
1101 1388 1217 1441 omnium
1227 1389 1276 1442 stri
1297 1403 1334 1441 to·

251 1480 338 1533 sente,
351 1465 399 1520 elle
412 1485 468 1520 sera
478 1477 601 1540 prompte.
613 1485 627 1512 s
817 1485 874 1518 rum
888 1463 967 1519 fldem
979 1478 1029 1528 est:
1048 1479 1103 1520 tum
1116 1484 1175 1519 curu
1189 1411 1336 1538 preceden-

285 1564 309 1595 α.
318 1545 424 1614 Ecquid
433 1543 582 1597 embescr‘tr‘s
595 1541 723 1614 ?Dupler
731 1541 768 1594 ibi
816 1543 883 1598 tibus
898 1544 1012 1617 uoniam
1024 1543 1142 1619 congruit
1155 1542 1245 1608 facile3
1258 1543 1335 1597 deui-

251 1645 338 1678 seusus
345 1624 463 1688 occurrit,
472 1621 769 1676 uoudeaudientibuseu
817 1643 867 1693 que
879 1623 962 1696 operis
971 1619 1030 1676 fluis
1040 1621 1084 1674 hie
1094 1642 1146 1675 esse
1164 1641 1218 1676 uon
1229 1637 1334 1696 posset,

251 1703 401 1756 erubescant
409 1741 416 1767 ,
425 1701 705 1754 sedutramobeausem
715 1719 770 1752 eru·
818 1715 843 1754 et
853 1701 938 1755 deesse
951 1700 1069 1772 quedem
1080 1698 1276 1753 existimandum
1297 1703 1334 1754 fo·

250 1781 370 1845 besesut,
385 1778 543 1854 pudoremue
555 1799 586 1832 au
598 1789 702 1830 metum.
715 1779 770 1829 Pu-
816 1792 871 1845 ret,
887 1778 958 1850 quod
969 1779 1034 1832 nulii
1047 1779 1169 1832 hactenus
1185 1779 1331 1832 monuere!

250 1858 320 1912 doris
330 1857 435 1930 quidem
447 1857 538 1931 sepius
549 1848 629 1908 rubor
639 1854 766 1907 iudicium
815 1857 957 1926 Logmnge
977 1856 1051 1910 verrit
1072 1873 1078 1908 :
1098 1877 1112 1903 κ
1129 1855 1169 1907 Ne
1189 1855 1336 1930 rougisses-

250 1949 301 2004 est,
314 1935 414 1988 timoris
430 1954 491 1986 vero
502 1933 584 2006 pallor
596 1932 665 2001 quod
679 1932 767 1984 rubori
816 1951 878 1988 vous
893 1953 937 2010 pas
953 1933 984 1986 de
1002 1934 1119 1987 craiudre
1136 1933 1158 1986 si
1172 1933 1335 2008 long-temps

250 2013 409 2066 eontrarium
422 2023 473 2072 est;
486 2029 673 2080 nonuunquam
681 2022 766 2062 tamen
815 2033 844 2066 ee
863 2011 907 2083 qui
927 2010 990 2064 dure
1010 2011 1030 2064 si
1050 2010 1120 2082 peu?
1133 2033 1146 2056 υ
1165 2009 1217 2062 Sed
1237 2013 1337 2080 ecquid

155 2130 160 2140 ,
251 2109 302 2164 pree
323 2090 414 2142 timore
434 2087 526 2159 aliquis
546 2085 653 2140 erubuit.
673 2087 766 2141 Utrum
814 2091 1026 2144 embesce'tr'ruon
1038 2102 1088 2150 est,
1104 2111 1117 2135 «
1129 2088 1170 2139 Ne
1189 2086 1335 2156 rougissez·

250 2187 311 2241 ergo
331 2185 433 2220 sensum
452 2163 596 2219 anteferes?
610 2165 687 2219 Prior
699 2179 766 2218 certe
815 2187 878 2220 vous
890 2165 949 2240 pas?
957 2188 970 2213 υ
981 2165 1041 2230 sed,
1057 2189 1071 2213 s
1082 2165 1334 2239 Rougissea-vous?»

250 2257 368 2317 praestare
382 2244 493 2308 videtur,
510 2243 532 2296 si
550 2243 583 2296 ad
602 2243 646 2297 illa
667 2256 767 2297 tautum
815 2246 871 2310 vel,
884 2244 1035 2315 «Pourquoi
1046 2241 1161 2318 rougir?»
1173 2245 1242 2316 Ergo
1253 2243 1336 2317 expli-

250 2324 368 2398 respicias
385 2343 442 2393 quoe
460 2321 623 2397 prseeeduut3
642 2321 688 2374 sed
703 2324 724 2376 si
742 2337 766 2377 et
814 2324 879 2376 estio
896 2321 965 2396 prior
979 2321 1087 2374 omniuo
1100 2333 1136 2372 est
1148 2319 1293 2392 respuenda
1310 2333 1335 2372 et

250 2401 766 2475 baecoculopresumpserisqusesequun-
814 2399 874 2454 huic
904 2397 975 2452 alteri
1000 2396 1184 2452 adherendum
1204 2416 1254 2467 qua
1278 2417 1335 2471 pre

251 2491 312 2545 tur,
336 2498 405 2554 segre
428 2477 578 2546 coherent,
603 2479 653 2532 uisi
679 2480 765 2534 ambas
814 2490 883 2532 metu
893 2473 1191 2550 enrbacerefiuguutur.
