2812 4898
462 452 633 521 CAPUT
659 451 732 518 111.
1097 455 1137 516 25

86 611 176 677 quam
188 583 355 678 Regulum
375 583 469 650 nasci
486 581 644 649 maluisse
662 630 672 662 ,
692 579 783 646 idem
804 580 890 660 iste,
909 594 1017 645 taceat
1032 578 1136 659 licet,

86 701 167 768 nasci
192 723 227 767 se
253 699 472 767 'ferentium'
501 695 631 764 maluit.
659 695 750 763 Male
772 708 951 762 tractatum
970 695 1138 762 Socratem

80 812 223 903 judicas,
239 810 332 904 quod
345 812 438 880 illam
448 812 619 905 potionem
635 809 774 903 publice
789 803 947 890 mixtam,
961 832 1030 876 non
1041 808 1141 877 aliter

84 949 172 1015 quam
202 924 486 992 medicamentum
516 923 778 1014 immortalitatis
806 921 948 990 obduxit
968 927 1000 1003 ²,
1033 938 1068 989 et
1098 919 1140 988 de

84 1054 180 1107 morte
197 1038 384 1132 disputavit
401 1062 509 1131 usque
524 1036 569 1106 ad
587 1039 694 1132 ipsam
708 1032 720 1072 ³
735 1040 750 1106 t
763 1037 851 1106 male
864 1061 940 1106 cum
957 1037 1016 1105 illo
1029 1053 1141 1106 aetum

83 1171 147 1238 est,
165 1155 259 1249 quod
277 1157 409 1250 gelatus
427 1172 479 1224 est
500 1157 659 1250 sanguis,
688 1179 728 1223 ac
752 1155 914 1250 paulatim
940 1156 1067 1250 frigore
1086 1157 1141 1222 in-

82 1268 174 1339 ducto
190 1296 355 1340 venarum
372 1273 472 1366 vigor
489 1266 664 1340 constitit⁴
679 1273 693 1339 Ρ
707 1272 847 1363 Quanto
865 1273 972 1365 magis
990 1272 1072 1339 huic
1086 1271 1137 1337 in·
1170 1287 1195 1324 ¹¹

81 1387 256 1458 videndum
276 1404 346 1470 est,
372 1412 473 1480 quam
499 1388 566 1456 illis
586 1387 712 1480 quibus
735 1411 867 1481 gemma
893 1380 1139 1470 ⁵ministratur,

80 1505 197 1596 quibus
220 1505 372 1574 exoletus
389 1507 500 1574 omnia
523 1507 594 1598 pati
615 1503 733 1575 doctus
746 1497 773 1586 ⁶,
795 1521 935 1574 exsectae
952 1505 1140 1588 virilitatis,

79 1635 132 1686 aut
147 1618 262 1688 dubiae
273 1625 299 1702 ⁷,
318 1643 513 1713 suspensam
527 1643 610 1687 auro
625 1622 736 1688 nivem
752 1613 874 1689 diluit⁸
888 1622 905 1688 t
917 1620 961 1688 lli
975 1617 1144 1713 quidquid

80 1732 246 1816 biberint,
267 1736 396 1802 vomitu
414 1735 636 1802 remetientur
650 1737 781 1818 tristes,
804 1751 839 1802 et
855 1733 1070 1802 bilemsuam
1086 1758 1142 1802 re·

80 1863 248 1940 gustantes
263 1853 297 1934 ⁹3
323 1864 358 1916 at
382 1848 464 1932 ille,
485 1873 653 1917 venenum
680 1850 776 1917 laetus
801 1865 835 1916 et
857 1849 968 1916 libens
993 1849 1138 1916 hauriet.

78 2041 285 2112 frequentissimi,
298 2041 381 2094 aliove
394 2041 487 2105 medo,
502 2037 585 2114 pravi·
634 2040 680 2094 bus
691 2062 749 2095 vasa
759 2064 772 2096 e
784 2063 884 2115 gemma
895 2047 960 2096 lacta
970 2047 981 2112 (
988 2045 1019 2097 de
1032 2043 1143 2097 Beuelir.

77 2130 109 2170 tas
126 2138 221 2193 magua
240 2119 380 2172 humanum
394 2137 474 2193 genus
494 2118 586 2170 invasit
632 2116 677 2172 lib.
690 2119 754 2182 Vll,
775 2141 827 2194 cap.
840 2141 864 2192 q.
879 2121 932 2175 cie.
948 2124 1017 2176 Vere.
1038 2122 1082 2176 lib.
1093 2123 1141 2188 lv,

77 2208 144 2268 atque
155 2208 243 2258 tenet;
258 2215 313 2248 nou
326 2197 360 2249 ita
371 2208 439 2249 tenet
453 2209 546 2256 tamen,
558 2208 585 2247 ut
633 2215 687 2268 cap.
698 2216 729 2264 ²7
739 2216 746 2249 :
758 2198 827 2250 ovas
835 2199 965 2252 vinarium
977 2219 1006 2252 ex
1015 2219 1066 2252 una
1077 2220 1143 2272 gem·

76 2271 179 2326 dubium
190 2274 266 2326 sitan
277 2274 362 2347 plures
374 2271 465 2345 Reguli
477 2275 528 2325 iata
537 2273 585 2325 ad·
633 2291 675 2324 ma
688 2273 729 2326 vel
749 2294 762 2325 e
773 2277 879 2346 gemmis
898 2278 1096 2350 praegrandibua.
1110 2283 1143 2346 a)

14 2375 15 2384 κ
76 2349 583 2423 versa,qnamll1aeeeuatisoptimaante-
633 2348 758 2402 ministrat
775 2369 866 2406 servus.
888 2354 967 2426 Epist.
990 2358 1028 2423 78.
1047 2355 1142 2425 Queat

14 2423 16 2454 Γ
76 2428 166 2494 lerant,
178 2428 230 2480 laec
242 2441 299 2494 eat,
312 2428 447 2480 certissime
458 2427 584 2500 plerisque
633 2429 691 2482 Nat.
702 2428 745 2481 lib.
755 2430 802 2493 lv,
816 2449 870 2502 cap.
885 2432 922 2483 13.

14 2519 15 2538 ¹
76 2506 149 2576 nagia
162 2503 275 2578 placebit
291 2504 419 2577 Regulum
437 2524 584 2576 essequam
666 2507 690 2558 6.
709 2505 841 2560 Exuletus
864 2511 956 2560 omma
970 2513 1031 2577 poti
1046 2511 1142 2562 doctus.

75 2581 245 2635 diaconalem.
635 2583 708 2637 Servi
719 2585 893 2638 famosissimi
912 2597 935 2638 et
951 2607 981 2640 ex
995 2607 1082 2640 eorum
1097 2608 1144 2640 nu·

14 2701 15 2718 t
107 2693 126 2725 ι,
137 2673 306 2739 Terentiam,
321 2691 424 2724 uxorem
440 2673 586 2726 Maenali,
634 2683 703 2716 mero
716 2663 759 2735 qul
774 2662 807 2716 ob
820 2661 982 2716 muliebrium
999 2664 1143 2736 patiemim

74 2759 326 2822 supramemoratam,
335 2747 585 2804 HoratiodicumLi-
599 2797 608 2816 ‚
635 2740 724 2794 exoleti
745 2740 951 2814 appellabantur,
970 2741 1145 2795 ministrabant

75 2826 200 2896 eymalam
210 2865 219 2892 ‚
231 2827 323 2880 tomi,
334 2827 413 2899 poesi,
424 2828 513 2881 mima
522 2831 587 2881 tuq.
635 2819 661 2872 in
673 2819 814 2884 conviviis,
826 2819 878 2896 sive
889 2819 948 2870 vina
960 2830 984 2870 et
994 2819 1081 2892 dapes,
1092 2819 1144 2872 sive

77 2907 138 2972 ὶαιῇ,
148 2923 201 2956 esse
211 2903 305 2956 maluit
311 2903 343 2956 ob
354 2904 496 2957 mollitiem.
506 2905 586 2959 Porro
635 2919 691 2971 quae
702 2899 908 2952 accumbentibus
919 2899 1056 2952 necessaria
1066 2912 1144 2951 erant.

76 2981 192 3034 existimat
201 2982 293 3034 Noster
313 2982 422 3054 pejorem
440 2983 514 3036 etiam
524 2985 587 3038 Me.
635 2974 856 3038 blarllaldllhlll,
869 2976 957 3048 Epigr.
967 2976 1145 3028 anamale-

76 3071 156 3111 eeuate
183 3059 304 3112 semiviro
322 3060 496 3113 mulierculam
515 3074 585 3126 ‚mm
635 3067 674 3108 ret
697 3068 817 3126 occupato
840 3054 983 3126 galbinatus
1006 3053 1034 3104 in
1058 3053 1143 3117 lecto,

75 3137 139 3204 quod
151 3137 255 3188 infamis
262 3136 386 3188 adulterio
396 3138 528 3211 principali
543 3139 585 3190 illa
636 3135 782 3208 Cubitisque
802 3135 880 3188 trudit
892 3135 953 3187 hinc
966 3147 989 3184 et
1007 3133 1066 3185 inde
1083 3149 1145 3186 con-¹

76 3213 118 3276 sit,
131 3233 209 3284 quam
224 3214 293 3284 quod
302 3213 418 3266 mulieres
426 3217 496 3288 parvi
504 3218 585 3270 lacere
632 3214 712 3279 vivas,
723 3213 915 3280 Effultusostro,
923 3212 1057 3284 sericisque
1065 3209 1145 3279 pulvi·

77 3291 179 3356 affectet,
189 3304 216 3343 ut
226 3291 338 3364 plerique
350 3293 465 3358 Veteres,
480 3295 583 3347 Seneca.
633 3293 680 3344 uis.
703 3292 758 3345 Stat
777 3292 901 3354 exoletus,
921 3290 1081 3363 suggeritque
1102 3309 1144 3340 ru-

105 3391 127 3422 a.
141 3373 273 3426 obduxit.
294 3370 366 3424 ldem
386 3376 437 3425 lere
458 3385 494 3425 est
513 3375 582 3446 quod
632 3369 711 3420 etanti
724 3369 819 3422 Pinnas
830 3368 963 3431 rubentes,
982 3366 1145 3440 cuspidesque

77 3448 166 3512 desta,
182 3471 244 3522 ergo
256 3451 326 3522 quod
335 3451 414 3514 biom
428 3470 488 3502 uaru
496 3455 586 3506 decem
635 3446 768 3500 lentisci.»

77 3533 203 3592 meconem
216 3529 352 3601 saepissime
366 3528 465 3581 dicitur.
668 3547 690 3593 7.
701 3525 757 3576 Ant
769 3526 865 3577 dubiae.
878 3523 920 3575 oh
932 3521 1073 3574 mollitiem.

108 3605 131 3657 3.
146 3606 236 3677 Usqroe
247 3609 287 3658 ad
295 3610 390 3676 ipsam.
402 3607 491 3658 Donec
505 3626 586 3658 more·
667 3603 688 3654 8.
704 3601 797 3653 Nicon
808 3603 892 3653 diluit.
904 3600 955 3652 Nix
964 3598 1106 3652 diluebatur
1117 3599 1144 3652 in

80 3694 148 3735 ratur.
172 3684 252 3754 Cuius
282 3683 457 3756 disputationis
480 3684 584 3737 collecta
632 3679 800 3742 triclinio‚ut
811 3677 919 3751 frigidos
927 3689 1024 3728 tantum
1036 3675 1145 3746 liquores

80 3759 149 3813 verba
160 3761 240 3814 edidit
251 3761 325 3814 Plato
339 3761 367 3814 iu
381 3762 520 3816 Phaedone.
636 3758 781 3823 ebiberent,
803 3757 867 3810 sacci
891 3754 1046 3808 adminiculo
1069 3775 1144 3825 quem

109 3840 131 3900 4-
149 3837 230 3909 Quod
242 3841 348 3910 gelataes
367 3849 407 3891 est
421 3843 587 3908 sanguis......
636 3855 735 3888 mecum
758 3835 885 3888 nivarium
908 3831 1097 3898 nominabant,
1122 3845 1146 3885 et

79 3921 209 3973 corastite't?
222 3915 485 3970 Adventantismortis
494 3917 587 3988 gradus
636 3914 706 3986 eujus
724 3914 752 3965 in
765 3912 850 3965 medio
863 3910 959 3984 pruinis
972 3909 1048 3962 cincti
1060 3909 1146 3964 laben·

82 3991 113 4117 qia
125 3991 357 4124 ιῑιιοῃοθᾶοεὶτίδίῑ
365 3992 458 4124 1Ρὶὲῐο,
475 3993 502 4044 in
511 3992 586 4046 Plate-
637 3993 670 4046 tia
683 3993 746 4120 riq}
755 3993 835 4120 frigqp
847 3989 1034 4119 suptrahebaut.

98 4090 137 4120 on.
190 4091 223 4124 ,a
259 4109 265 4122 .
301 4091 384 4122 um..
421 4070 455 4123 i.
688 4109 693 4120 .
743 4074 754 4121 ι’
786 4072 814 4120 ui
850 4071 879 4119 ui
899 4103 954 4119 .......
964 4085 1006 4118 .re
1023 4075 1146 4118 astantes.

112 4151 132 4200 5·
145 4073 257 4220 p§gestaturi
267 4154 354 4220 magis
356 4187 397 4203 .....
413 4093 586 4202 rrilnistratur.
637 4092 724 4216 Quium
735 4085 1144 4208 iminodicebiberint,ivomunt‚

84 4223 586 4298 lliriteaeosqueluxuriososdieit,qu1‘-
636 4227 733 4280 vomitu
758 4225 885 4296 'ejiciunt,
915 4237 960 4274 etc.
986 4221 1064 4295 Epist.
1089 4223 1146 4290 95:
