2812 4898
485 441 657 510 CAPUT
682 441 745 508 ΙΙΙ.
820 443 822 450 ’
1098 445 1146 546 ⁸23

87 583 274 674 senatorum
289 573 419 664 capitu,
435 588 471 640 et
487 573 608 664 passim
624 587 784 664 vagantes
797 595 860 664 per
877 571 996 640 urbem
1010 591 1150 662 percus-

88 705 197 752 sorum
212 709 334 778 greges
351 714 359 754 ε
377 702 411 754 et
423 686 528 756 multa
542 685 646 754 millia
660 688 783 754 civium
796 689 1027 754 Romanorum
1040 697 1064 766 ¹,
1081 701 1150 753 uuo

89 795 158 866 loco
181 817 258 892 post
275 802 398 886 fidem,
419 804 519 870 immo
537 825 601 894 per
617 803 723 894 ipsam
743 801 844 869 fidem
857 806 871 835 ²
893 799 1072 870 trucidata.
1090 799 1151 866 Vi-

91 909 190 982 deuut
201 917 267 984 iste
280 967 290 1000 ,
304 921 363 1010 qui
379 918 533 986 exsulare
549 940 617 985 nou
630 931 770 1009 possunt
783 912 794 950 ³
809 913 817 982 l
837 913 932 1008 Quid
946 915 1056 1007 ergo?
1072 913 1151 980 selix
1178 924 1196 975 t

90 1043 139 1096 est
156 1033 196 1096 L.
218 1032 330 1124 Sylla.
354 1033 447 1126 quod
459 1033 510 1100 illi
529 1030 749 1100 descendenti
762 1030 806 1100 sd
821 1032 929 1100 lorum
943 1029 1055 1124 gladio
1073 1030 1154 1097 sub-

90 1163 244 1214 movetur
257 1139 285 1230 ⁴,
310 1147 403 1241 quod
423 1150 531 1242 cepits
548 1147 774 1216 consularium
788 1147 938 1216 virorum
954 1148 1083 1239 patitur
1094 1167 1155 1235 ap-

88 1260 191 1352 pendi
206 1255 234 1346 ⁵,
251 1279 286 1332 et
302 1266 450 1358 pretium
469 1262 571 1332 cedis
589 1285 653 1356 per
669 1279 870 1354 quaestorem
889 1285 929 1330 ac
946 1260 1077 1330 tubulus
1089 1283 1154 1353 pu-

88 1373 193 1446 blicus
223 1376 429 1448 numerutli
454 1398 491 1449 et
512 1381 586 1448 btec
607 1379 718 1447 omnis
745 1379 826 1448 lecit
850 1378 931 1461 ille,
960 1379 1020 1470 qui
1045 1378 1155 1470 legem

88 1492 280 1563 Cornelium
297 1501 307 1546 ⁷
330 1493 428 1565 tulitl
453 1497 637 1566 Veniamus
652 1495 696 1562 sd
707 1495 888 1588 Regulum.
912 1493 1009 1587 Quid
1025 1493 1076 1562 illi
1089 1494 1159 1560 for-

89 1621 168 1675 tune
183 1611 302 1677 nocuit
313 1659 322 1692 ‚
337 1609 429 1704 quod
442 1609 536 1678 illum
548 1609 786 1678 documentum
797 1608 878 1678 fidei
893 1659 902 1691 ,
919 1607 1155 1676 documentum

89 1723 264 1812 patientie
283 1725 363 1792 lecit
375 1727 390 1792 l
402 1725 531 1818 Figunt
544 1739 655 1792 cutem
673 1723 779 1807 clevi,
796 1740 831 1792 et
848 1746 1062 1816 quocumque
1081 1720 1158 1788 suti-

91 1853 206 1932 gutum
225 1865 349 1933 corpus
372 1840 570 1923 reclinavit,
589 1840 722 1908 vulneri
744 1840 909 1910 incumbit
921 1835 949 1922 ⁸,
972 1840 1060 1907 etin
1079 1861 1158 1930 per-

91 1971 231 2047 petuam
255 1956 406 2050 vigilium
432 1961 618 2050 suspensc⁹
641 1972 720 2026 suut
742 1957 881 2026 lumine.
917 1957 1055 2049 Quanto
1081 1954 1158 2048 plus
1184 1991 1204 2042 9

5 2251 6 2258 ἵ
95 2190 265 2264 lampridio
281 2191 416 2244 Commod.
431 2191 603 2246 «Gladistcris
652 2192 757 2262 quidem
768 2192 868 2246 videtur
879 2193 912 2246 sd
922 2193 1003 2265 cupite
1013 2192 1161 2264 proseripto·

5 2301 6 2304 =
93 2270 201 2323 raderer
211 2269 239 2328 iu
247 2269 367 2344 spoliario
376 2271 518 2343 prodatur.»
652 2291 707 2323 rum
718 2308 725 2334 ,
739 2271 818 2326 Sulla
830 2291 844 2324 e
858 2269 1042 2344 percussoribus
1053 2269 1160 2322 trudito·

5 2413 6 2424 ἵ
127 2368 148 2400 ι.
163 2351 256 2403 Multa
268 2352 354 2404 millia
366 2351 460 2404 civium
473 2349 604 2401 Ronmno·
651 2369 726 2413 rum,
742 2349 813 2420 qussi
823 2369 867 2422 per
878 2348 1012 2412 trutinum,
1026 2345 1159 2420 respexisse

5 2445 7 2468 Ι
93 2449 160 2480 rum.
175 2427 279 2482 Cedent
290 2427 403 2480 eumdem
416 2426 522 2500 exagitat
533 2426 604 2478 Nost.
653 2429 751 2480 Noster.
768 2427 892 2488 Ostendi,
904 2445 961 2498 quae
973 2424 1072 2478 diverse
1083 2417 1159 2476 lectio

93 2506 124 2558 de
136 2505 375 2580 Glem.lib.l,esp.
391 2525 432 2571 ss,
445 2506 534 2576 inquo
545 2523 604 2572 rep-
652 2518 704 2569 est,
728 2503 900 2576 explicationis
924 2522 997 2556 ceusu
1019 2523 1034 2555 s
1056 2499 1160 2554 libr-erio

6 2641 8 2664 Ι
94 2597 144 2638 um
152 2584 394 2637 miiliaoccisorum
403 2595 534 2636 memoret.
547 2581 605 2636 Plu·
652 2581 771 2652 quopism
784 2579 908 2653 tdjectum
918 2591 986 2654 puto.

93 2661 174 2715 undu
192 2663 219 2713 iu
234 2662 322 2726 Solle,
338 2661 378 2714 30.
389 2663 502 2714 Fuerant
513 2659 605 2713 milites
686 2657 710 2711 li.
727 2659 846 2711 Pretium
848 2695 889 2711 .....
906 2655 1108 2710 numerositas
1125 2652 1160 2706 vi·

94 2737 196 2802 Cruci,
207 2759 272 2810 quos
287 2739 332 2792 etsi
341 2739 442 2792 venium
455 2759 469 2792 s
480 2738 552 2792 Sulls
564 2759 605 2792 sc·
653 2737 745 2792 delicet
760 2738 854 2790 talentu
867 2739 876 2803 (
890 2736 987 2790 circiter
1003 2735 1095 2800 ro‚5oo
1107 2733 1160 2796 ir.)

6 2885 7 2890 ¹
96 2819 220 2894 cepissent
229 2818 328 2883 deditii,
336 2819 454 2873 tamenin
466 2819 540 2871 Circo
550 2817 607 2870 Fla·
654 2815 723 2888 plui·
735 2814 799 2866 salt.
811 2833 864 2888 cap.
875 2813 903 2866 31
918 2817 975 2880 τιᾴν
983 2813 1068 2873 δοῦλος
1076 2807 1163 2864 δεσπό-

6 2903 8 2940 l
97 2896 180 2950 minio
191 2897 302 2950 interliei
314 2897 392 2968 jussit.
404 2895 517 2969 lntelbgi
528 2905 608 2967 potest
655 2915 706 2957 την,
716 2896 755 2958 xis
767 2893 855 2960 «stipe
863 2892 912 2951 ott<
922 2891 999 2960 ἀνέλῃ.

7 2989 8 3004 ’
97 2995 199 3046 qunque
236 2975 269 3028 de
305 2972 466 3028 Prteuestiuis
502 2973 607 3044 eliisque
691 2991 712 3038 7.
723 2969 817 3040 Legem
831 2970 983 3022 Corneliam.
992 2967 1033 3017 De
1043 2961 1162 3028 Sicsriis,

99 3055 184 3106 multis
191 3054 224 3106 sb
232 3073 261 3106 ee
269 3051 494 3106 occisis.Plutsreb.
503 3073 555 3125 esp.
568 3051 608 3104 32.
657 3048 710 3100 sive
720 3045 855 3117 majestatis
864 3084 871 3111 ‚
880 3045 907 3096 iu
914 3063 971 3097 eum
986 3042 1031 3114 qui
1049 3040 1168 3112 mejesta-

7 3181 8 3200 ,
135 3153 158 3184 r.
168 3133 260 3185 lmmc
266 3151 316 3200 per
322 3136 409 3198 ipsum
411 3132 506 3200 fidem.
518 3131 608 3202 Neque
657 3137 707 3178 tem
720 3121 807 3196 populi
818 3121 930 3174 llomsni
940 3119 1076 3172 minuisset.
1090 3117 1165 3168 Goul-

7 3227 8 3230 ’
101 3211 168 3262 erim
182 3205 298 3264 in'me
310 3209 438 3262 memorie
452 3207 610 3260 locumtou·
658 3201 765 3275 Pighius
779 3201 806 3252 iu
821 3191 1164 3256 sanatatettcbmt,

102 3289 230 3342 causent
240 3286 268 3339 ni
280 3300 375 3359 pectem
388 3284 480 3347 fidem,
493 3284 520 3336 ui
531 3283 609 3336 ictum
657 3283 733 3335 Tem.
743 3279 799 3344 ΙΙΙ,
813 3297 870 3350 pag.
883 3277 947 3341 250,
961 3295 1015 3345 sqq.

8 3395 9 3422 t
103 3367 181 3418 tetus
200 3365 319 3417 sdversns
332 3363 448 3438 Syllsuss
463 3363 513 3416 ires
528 3361 611 3415 eredi-
691 3359 715 3409 8.
743 3357 853 3409 Vuiceri
870 3353 1001 3406 incumbit.
1020 3348 1099 3416 Quod
1117 3344 1168 3400 sibi

8 3495 10 3518 p
103 3441 195 3496 dissent
204 3443 297 3516 pignus
310 3440 483 3493 certissimum.
659 3435 709 3488 boe
724 3434 778 3507 ipso
794 3445 904 3504 tempere
921 3429 1021 3502 infligit.
1036 3425 1168 3479 Nimirum

8 3527 9 3536 ¹
134 3519 157 3570 ³.
174 3522 292 3574 Wdeuut
293 3557 341 3572 .....
348 3527 525 3584 conpescunt.
538 3515 610 3568 Con·
658 3531 845 3584 quemcumque
863 3509 891 3561 iu
902 3520 997 3582 partem
1015 3505 1166 3568 inclinetur,

8 3647 9 3650 ,
105 3595 180 3650 elusio
199 3595 234 3649 sd
250 3615 326 3666 quam
340 3594 424 3648 omnis
440 3611 521 3645 sermo
533 3605 611 3645 teten·
658 3591 840 3642 bicmucroues
849 3581 1170 3654 stevi,dirseaeies‚ssperi

105 3671 142 3723 dit
155 3671 277 3726 bsaeuus
290 3672 370 3725 llutil.
386 3669 439 3724 sno
453 3690 511 3723 mox
531 3667 610 3744 ipsius
659 3669 719 3720 terri
731 3668 810 3717 torma
822 3663 968 3736 multiplex,
982 3662 1050 3715 unde
1062 3658 1170 3714 subinde

107 3752 206 3804 nomine
222 3751 313 3823 exeipit
332 3753 445 3805 ennea·
461 3750 611 3805 cretionem.
661 3745 761 3798 vulnus.
772 3741 897 3806 Volebat,
915 3740 987 3795 verbi
1004 3739 1100 3813 gratis,
1114 3737 1172 3788 bra·

141 3833 162 3896 Ι.
187 3829 288 3883 Gladio
308 3831 477 3883 submovetur.
499 3827 611 3882 Militum
661 3823 720 3876 ebio
742 3819 895 3883 incolumis,
918 3817 1022 3871 brecbio
1041 3816 1110 3882 uiti,
1127 3813 1172 3870 sed

111 3907 446 3983 ntesepestcomitsutium
455 3905 548 3980 gladiis
556 3903 612 3956 sub·
661 3899 707 3953 ubi
721 3898 822 3950 iunixus
836 3909 889 3964 est,
907 3896 1000 3948 volnus
1014 3894 1091 3948 babet
1102 3905 1126 3945 et
1137 3891 1174 3944 ls-

9 3995 10 4028 3
112 3999 222 4040 tueretur
230 3984 338 4060 populus
354 3984 436 4037 2alits
447 3983 496 4036 boc
509 3980 566 4036 lieri
575 3999 613 4034 so·
664 3997 721 4032 cero
734 3975 847 4028 membro
857 3973 988 4028 incumbit

112 4062 426 4134 lebetalietcribussirgs.
698 4075 721 4127 9.
744 4053 888 4122 Suspenso.
909 4055 1024 4126 Aperta,
1043 4067 1101 4120 quse
1122 4065 1175 4100 uon

145 4143 165 4192 5.
191 4141 323 4210 Appendi.
351 4138 436 4211 lipsio
464 4138 617 4210 interprete:
667 4131 857 4186 conniventld
872 4143 981 4183 suteme
997 4141 1034 4182 tot
1048 4124 1177 4204 suppliciis

115 4215 190 4292 Supra
207 4216 347 4270 Servilium
360 4215 444 4270 laeum
457 4211 538 4288 effigi.
550 4211 618 4266 blibi
668 4211 833 4265 sevissimum
852 4208 915 4274 luit,
936 4225 1066 4278 nunqusm
1082 4202 1179 4258 misere
