2812 4898
487 495 658 563 CAPUT
688 497 752 562 vl.
1098 495 1144 588 37

5 639 8 656 ·
80 620 168 690 arida
182 620 324 694 consilia
336 629 362 706 ¹,
378 640 413 691 et
427 619 605 693 libidinem
620 650 768 708 coccam,
787 639 822 692 et
834 623 947 692 alieno
960 623 1143 692 imminen-

82 752 140 804 tem
156 742 331 808 avaritiam
360 765 368 805 ε
397 740 487 832 ipsos
504 753 620 808 tuetur
638 765 678 810 ac
693 739 862 808 vindicat.
883 737 1059 831 Numquid
1078 740 1145 809 hoc

80 855 209 944 quoque
225 878 246 921 a
266 855 340 923 Deo
357 852 484 946 aliquia
497 853 621 948 exigit,
638 871 678 924 ut
694 855 863 924 bonorum
879 854 1030 922 virorum
1043 855 1144 922 etiam

80 969 221 1040 cuminas
234 975 250 1004 ²
271 969 408 1038 servet?
427 970 607 1038 remitumt
629 971 695 1063 ipsi
719 970 810 1038 hanc
829 969 902 1040 Deo
922 992 1039 1036 euram
1058 995 1066 1035 ι
1087 993 1146 1036 ex·

81 1097 168 1152 terna
186 1097 421 1184 contemnunt.
447 1075 690 1152 Democritua·³
710 1083 845 1151 divitias
866 1081 1033 1175 projecit,
1059 1105 1145 1152 onus

79 1194 145 1264 illae
158 1197 259 1265 bonae
278 1199 401 1266 mentis
417 1198 636 1266 existimaus:
659 1196 744 1289 quid
769 1221 852 1290 ergo
875 1196 1033 1278 miraris,
1060 1198 1088 1264 si
1107 1195 1147 1264 id

78 1314 161 1382 Deua
177 1314 268 1382 bono
285 1313 447 1382 accidere
467 1316 615 1406 patitur,
642 1313 736 1407 quod
758 1315 812 1382 vir
832 1312 941 1381 bonus
960 1313 1144 1406 aliquando

76 1429 141 1497 vult
152 1429 220 1498 sibi
235 1428 418 1498 accidere?
439 1455 454 1493 ι(
469 1430 575 1498 Filios
587 1432 746 1497 amittunt
760 1429 825 1497 viri
844 1427 939 1496 boni.
957 1455 972 1492 n
990 1427 1140 1521 Quidni,
1169 1455 1184 1487 2

76 1571 174 1637 quum
185 1546 371 1641 aliquando
380 1563 415 1616 et
423 1548 490 1641 ipsi
501 1544 910 1616 occidant?«lnexailium
921 1547 1140 1614 mittuntur.»

75 1663 224 1756 Quidni,
245 1687 351 1756 quum
365 1660 549 1755 aliquando
569 1662 792 1756 ipsi-patriam
811 1663 1144 1756 nonrepetiturire·

77 1779 256 1872 linquant?
277 1807 294 1839 «
311 1776 539 1848 Occiduntur.
562 1803 578 1839 »
593 1774 747 1868 Quidni,
764 1799 867 1867 quum
881 1775 1065 1869 aliquando
1079 1779 1143 1871 ipai

77 1895 271 1964 albimanus
285 1894 455 1962 afferant?
475 1920 491 1956 a
508 1893 627 1984 Quare
640 1891 794 1983 quaedam
810 1891 897 1960 dura
908 1895 1111 1987 patiuntur?

78 2023 110 2076 ut
123 2010 208 2078 alioe
221 2009 294 2102 pati
306 2006 451 2076 doceant
469 2033 476 2073 :
496 2007 574 2074 nati·
585 2023 664 2074 sunt
678 2008 713 2073 in
729 2008 913 2100 exemplar.
929 2011 1014 2076 Puta
1029 2012 1144 2104 itaque
1169 2018 1186 2071 ὅ

77 2125 182 2206 Deum
202 2121 319 2190 dicere
337 2149 345 2188 ι
369 2149 389 2187 a
406 2119 508 2213 Quid
520 2120 675 2202 habetis,
701 2118 794 2212 quod
810 2121 853 2189 de
877 2147 931 2191 me
948 2126 1046 2216 queri
1063 2150 1145 2219 poa-

76 2239 245 2320 sideros,
266 2237 391 2332 quibua
408 2251 503 2304 recta
518 2236 744 2329 placuerunt?
763 2237 850 2305 Aliis
866 2239 955 2307 bona
973 2241 1056 2309 salsa
1074 2243 1145 2310 cir-

76 2354 253 2436 cumdedi,
275 2371 310 2422 et
325 2354 455 2422 animos
469 2352 694 2422 inanea·velut
708 2352 810 2446 longo
824 2353 1004 2448 fallacique
1016 2358 1145 2426 somnio

75 2469 153 2556 luti,
171 2493 257 2538 auro
267 2470 354 2553 illoc,
366 2483 509 2563 argento
523 2484 558 2535 et
572 2467 675 2536 ebore
688 2472 804 2537 ornavi
825 2497 832 2536 ε
856 2471 946 2539 intua
960 2471 1042 2540 boni
1055 2473 1144 2540 nihil

76 2603 132 2654 eat.
152 2589 229 2670 Isti,
246 2610 330 2679 quos
343 2610 406 2679 pro
420 2583 577 2665 felicibus
590 2583 776 2676 adspicitia
797 2586 826 2652 si
839 2609 908 2654 non
922 2636 930 2669 ‚
948 2609 1016 2679 qua
1029 2611 1147 2656 occur-
1163 2639 1166 2646 .

76 2721 172 2786 runt,
203 2701 265 2772 sed
283 2727 352 2795 qua
371 2701 498 2782 latent,
524 2698 698 2782 videritis,
721 2703 835 2769 miseri
861 2721 957 2788 sunt,
986 2703 1141 2789 sordidi,

77 2833 212 2912 turpes,
234 2817 279 2885 ad
305 2815 569 2890 similitudinem,
585 2818 753 2911 parietum
776 2842 918 2894 auorum,
936 2822 1146 2898 extrincecus

78 2936 168 3004 culti.
184 2939 263 3004 Non
280 2950 331 3003 eet
344 2936 409 3002 iata
423 2931 530 3002 solida
548 2947 583 3001 et
599 2935 732 3002 sincera
746 2933 889 3004 felicitas
908 2963 916 3003 ε
939 2953 1052 3006 crusta
1070 2934 1142 3021 e'at,
1171 2977 1197 3044 4Ὶ

78 3051 261 3146 etquidem
279 3051 391 3121 tenuis
402 3043 429 3118 ⁴.
451 3051 571 3143 Itaque
591 3048 671 3118 dum
687 3050 755 3120 illis
770 3051 851 3122 licet
863 3068 974 3136 stare,
991 3069 1026 3124 et
1038 3054 1083 3130 ud
1094 3079 1147 3130 ar·

112 3265 352 3316 nAoidbcomilio·
362 3257 584 3332 Aridameupidi-
635 3278 679 3312 neu
693 3272 790 3314 constat
810 3261 967 3318 uberrimum
985 3265 1078 3332 subse,
1100 3285 1147 3318 nc·

81 3353 166 3407 hm,
178 3341 213 3393 de
224 3340 324 3394 Emit.
335 3340 380 3392 rit·
392 3334 587 3405 lll,3,lln·om·
636 3336 756 3411 glexime3
772 3343 783 3408 (
796 3339 851 3394 cic.
863 3342 894 3396 tle
909 3343 980 3395 finib.
991 3343 1034 3396 lib.
1046 3345 1080 3410 V,
1093 3365 1147 3418 cap·
1221 3347 1225 3356 “

81 3420 200 3474 bitiouem
212 3431 260 3472 ete·
636 3435 685 3487 29;
697 3417 784 3469 Horat.
802 3419 845 3480 lib.
867 3429 887 3486 Ι,
906 3421 1012 3495 Epistol:
1029 3439 1089 3492 xit,
1109 3443 1147 3476 ιι.

113 3520 135 3550 n.
152 3497 286 3552 Sanum.
309 3497 420 3550 Externa
437 3493 494 3559 illa,
514 3511 587 3564 oper,
637 3491 971 3572 Athenaeus,lV,no.p.254.
982 3501 1147 3557 ecl-schefer.

86 3575 191 3642 diritim
204 3575 316 3628 bonores
333 3585 379 3627 etc.
391 3583 472 3625 vocat.
637 3569 713 3624 Mitto
726 3573 837 3644 plures.)
851 3576 906 3629 aliis
922 3579 1007 3633 diviso
1021 3601 1080 3632 cum
1097 3585 1145 3634 fra·

15 3721 16 3724 ¹
114 3652 138 3706 δ’.
147 3653 318 3707 Dentati-itm.
331 3650 452 3704 Abderita
462 3649 505 3702 ille
518 3649 589 3701 cele·
637 3648 716 3701 tribu
726 3649 889 3723 patrimonio,
901 3655 1018 3729 exiguam
1030 3657 1077 3711 ,ibi
1089 3680 1148 3732 par.

87 3727 201 3784 berrimue
223 3730 379 3802 antiquitatis
400 3727 566 3802 philosophus
581 3767 588 3792 ,
640 3739 692 3780 tem
706 3729 810 3804 elegisse
820 3735 830 3799 (
838 3733 918 3808 Diog.
940 3737 1020 3788 baert.
1034 3737 1084 3800 Ill,
1099 3737 1145 3797 353

89 3807 129 3874 qul
146 3809 198 3862 llor-
213 3820 270 3883 port
289 3809 393 3879 Olymp.
408 3825 448 3877 72.
468 3806 533 3874 Qun
544 3805 588 3859 bic
640 3807 741 3862 AElian.
761 3811 793 3861 V.
808 3811 840 3862 ll.
854 3812 952 3879 lV,no.
966 3819 989 3880 ):
1013 3835 1027 3866 u
1051 3815 1148 3886 quibus

89 3883 176 3938 lloeter
185 3885 299 3954 trudit,e
312 3887 342 3937 P.
352 3883 440 3952 Boyle
455 3887 465 3950 (
476 3883 589 3936 Diction·
640 3887 732 3939 Noster
740 3905 841 3960 prorsus
851 3889 1063 3956 discessibueseio
1071 3912 1148 3963 quem

91 3960 229 4016 lie-eterit.
243 3965 274 4016 T.
287 3964 320 4016 11.
333 3975 379 4016 ert·
392 3963 554 4030 Democrite,
564 3982 589 4035 p.
640 3977 746 4017 secutus.

92 4037 137 4109 ’ὃς
145 4043 195 4112 eq.)
203 4042 373 4112 aeglea-,tecue
382 4040 469 4094 miror.
478 4040 540 4094 Fuit
548 4061 592 4094 au·
674 4047 698 4110 4.
710 4043 937 4100 Crustu-...tenuia
948 4049 1039 4102 Manet
1047 4047 1150 4102 insimi-

89 4125 140 4166 tem
152 4116 243 4172 dirum
260 4120 361 4172 traditio
378 4120 409 4172 de
423 4121 471 4172 liae
482 4120 591 4172 retaliio
640 4120 1150 4202 litudineaperietibuederumpta,quoa

94 4191 260 4250 Democritum
280 4196 444 4250 referentibus
463 4209 591 4267 utrunque
640 4217 767 4252 marmore
779 4199 850 4252 vario
868 4214 913 4256 ete.
930 4203 1059 4259 distinctos
1077 4225 1151 4260 orua-

95 4269 265 4338 ammonium
277 4293 367 4340 suum,
380 4274 449 4345 quod
457 4275 524 4350 apud
537 4295 592 4329 om·
641 4278 1156 4347 torqueluiaseconetucconblltbeneum.
