2838 4900
155 389 168 414 ‘
244 459 289 524 26
537 455 608 521 DE
631 455 1019 525 PROVIDENTIA

240 590 343 682 Quod
357 589 402 658 ad
418 591 579 660 Catonem
595 591 769 682 pertinet,
788 592 868 658 satis
884 589 1011 658 dietum
1032 607 1084 658 est
1097 619 1106 676 3
1126 611 1308 658 summam-

239 729 307 796 que
325 704 375 772 illi
391 705 584 772 felicitatem
602 705 805 797 contigisse,
828 727 1011 772 consensus
1027 705 1202 773 hominum
1221 703 1310 770 fatc-

240 819 357 904 bitur,
382 845 483 913 quem
507 819 572 888 sibi
596 844 712 888 rerum
738 837 860 889 natura
881 819 1030 914 delegit,
1051 845 1129 890 cnm
1150 843 1218 913 quo
1237 843 1308 886 me-

241 933 368 1004 tuenda
386 933 564 1003 collideret
582 940 606 1002 ¹.
629 935 851 1005 «Inimicitiae
867 952 1043 1029 potentum
1061 961 1183 1031 graves
1201 935 1309 1004 sunt?

244 1078 261 1114 s
283 1065 477 1144 opponatur
488 1051 587 1118 simul
599 1053 778 1145 Pompeio,
794 1053 937 1134 Caneri,
957 1053 1090 1122 Crasso.
1106 1055 1219 1122 Grave
1232 1068 1304 1132 est,

246 1191 263 1230 u
284 1187 305 1231 u
328 1162 555 1232 deterioribus
579 1165 709 1234 honore
733 1167 887 1234 anteiri?
906 1167 1066 1236 Vatinio²
1084 1167 1304 1260 postferatur.

246 1310 263 1346 s
283 1283 395 1350 Grave
421 1297 494 1363 est,
523 1280 680 1350 civilibus
704 1281 804 1352 bellis
833 1283 1022 1352 interesse?
1045 1297 1114 1351 toto
1139 1299 1308 1352 terrarum

246 1423 263 1462 u
284 1396 367 1465 orbe
384 1421 448 1489 pro
470 1419 571 1464 causa
587 1395 676 1466 bona
692 1413 760 1466 tam
778 1397 980 1480 infeliciter,
1002 1421 1105 1490 quam
1121 1400 1309 1491 pertinaci-

246 1541 264 1577 »
285 1505 357 1581 ter³
370 1513 503 1581 militet.
515 1515 628 1582 Grave
636 1529 705 1596 est,
718 1513 783 1583 sibi
797 1537 915 1582 manus
923 1513 1047 1581 afferre
1059 1515 1074 1582 f
1087 1513 1199 1582 faeiat.
1213 1513 1311 1607 Quid

247 1655 263 1692 u
283 1651 346 1721 per
371 1628 437 1695 hoc
458 1629 676 1720 consequar?
698 1645 737 1696 ut
763 1653 880 1696 omnes
904 1629 1031 1711 sciant,
1053 1653 1122 1697 non
1146 1653 1219 1699 esse
1236 1632 1311 1699 haec

248 1769 264 1806 u
285 1741 392 1823 mala,
408 1742 533 1834 quibus
551 1765 614 1835 ego
634 1740 775 1836 dignum
792 1743 953 1812 Catonem
970 1744 1100 1834 putavi.
1120 1769 1137 1806 u

292 1859 351 1924 lv,
372 1857 539 1947 Prospera
557 1857 593 1922 in
615 1855 749 1947 plebem
772 1879 812 1924 ae
828 1855 909 1926 vilia
925 1857 1062 1948 ingenia
1079 1849 1286 1924 ‘deveniunt
1301 1883 1308 1922 :

244 1988 280 2040 at
307 1970 513 2038 calamitates
541 1985 757 2062 terroresque
780 1970 972 2038 mortalium
996 1969 1203 2064 subjugum
1230 1973 1312 2039 mit-

245 2079 356 2168 tere⁵‚
377 2087 553 2180 proprium
577 2089 690 2179 magni
709 2087 772 2154 viri
793 2101 856 2154 eet.
878 2085 1020 2178 Semper
1037 2111 1120 2154 vero
1141 2109 1216 2184 esce
1233 2087 1312 2154 feli-

245 2225 339 2284 num,
357 2217 391 2269 et
407 2203 480 2269 sine
498 2197 634 2270 morsu⁶
654 2201 759 2268 animi
777 2202 921 2269 transire
939 2202 1063 2283 vitam,
1084 2202 1243 2295 ignorare
1261 2219 1314 2270 est

245 2340 360 2384 rerum
373 2333 503 2385 naturae
511 2317 650 2385 alteram
664 2332 793 2410 partem
807 2322 832 2384 ⁷.
846 2319 992 2410 Magum
1004 2341 1042 2385 es
1053 2318 1108 2386 vir
1124 2343 1132 2382 ε
1148 2315 1209 2385 sed
1220 2315 1313 2384 unde

246 2530 261 2556 ιι
270 2509 336 2560 Ante
344 2507 458 2560 medium
469 2509 559 2561 viuum
566 2527 642 2560 omne
656 2507 756 2560 vomitu
804 2525 880 2578 quam
890 2507 922 2560 de
931 2506 1044 2560 libertate
1052 2520 1183 2582 stpstrum
1194 2507 1315 2562 institutis

245 2588 443 2641 remetiuntur.»
804 2596 888 2636 actum
908 2583 1144 2654 conclamatumque
1162 2597 1214 2650 est,
1234 2583 1316 2636 Phar-

282 2686 303 2719 ι.
327 2668 471 2720 Coutderer.
497 2668 594 2720 Cotttdt
614 2679 650 2720 est
665 2666 756 2720 confli-
804 2662 875 2716 salia
892 2675 916 2714 et
932 2661 960 2714 iu
974 2662 1063 2716 Africa
1079 2661 1242 2714 Julituarum
1260 2679 1316 2736 par-

245 2743 308 2795 etsri
324 2761 382 2796 tum
393 2742 537 2796 adversario
554 2743 616 2815 puri.
627 2745 716 2796 Atttdi
725 2743 756 2794 tle
805 2739 870 2792 timu
881 2738 959 2792 hostis
970 2758 1028 2791 acer
1038 2740 1082 2791 scd
1096 2739 1192 2791 infelix.

247 2842 275 2874 ca
286 2843 313 2874 re
329 2822 423 2875 dicitur
433 2842 490 2892 quae
503 2823 638 2896 impugnat
650 2835 674 2874 ct
690 2825 758 2875 fran-
840 2819 887 2871 lv.
898 2820 967 2870 Αιε.
979 2819 1029 2870 tta
1040 2817 1150 2870 adverse
1163 2817 1318 2870 documenta

247 2901 335 2974 gitur,
366 2914 394 2954 ut
420 2902 489 2955 unda
515 2921 587 2966 raxo;
611 2903 700 2955 collidi
727 2900 758 2952 dc
806 2894 1071 2948 tumulantium
1089 2893 1156 2946 nllus
1174 2893 1215 2946 vir
1233 2892 1318 2946 bouus

246 2978 344 3032 duobus
365 2997 422 3050 que
447 2980 512 3032 iuter
532 2999 558 3032 se
576 2992 707 3052 pugnant,
733 2999 759 3032 se
807 2991 946 3044 magnum
966 2991 1017 3025 esse
1031 2985 1074 3024 tut
1091 2971 1142 3024 (fici
1160 2981 1255 3044 poteri,
1272 2971 1319 3040 qui

246 3056 356 3110 invicem
376 3057 472 3109 feriunt
498 3071 522 3110 et
542 3057 656 3109 arietant.
681 3059 758 3109 Cotti·
808 3051 924 3104 facultate
938 3062 981 3103 sut
992 3051 1122 3104 occasione
1133 3049 1241 3103 caruerit
1252 3049 1319 3100 cxlii·

246 3134 673 3202 derefsctiv.rarius)esthasres
690 3155 760 3188 com·
808 3130 899 3184 bendte
910 3131 1017 3184 virmtis.
1031 3131 1096 3198 Quae
1110 3131 1187 3204 igitur
1198 3129 1265 3182 mala
1277 3129 1321 3180 vi-

249 3213 358 3266 mittere.
809 3211 916 3276 dentur,
929 3211 996 3263 bons
1011 3223 1087 3274 sunt,
1103 3223 1177 3283 prout
1186 3209 1218 3260 iis
1232 3209 1320 3261 utaris.

282 3313 305 3343 ι.
329 3293 447 3344 Vatinio.
467 3291 515 3342 lste
533 3309 618 3342 scurra
638 3288 759 3341 ethome
843 3291 1026 3357 lifardum.
1047 3291 1102 3363 ipss
1126 3288 1195 3362 plebs
1219 3300 1318 3340 tanturn

248 3369 451 3440 maluspraelstus
462 3381 498 3422 est
507 3364 759 3440 Catoniinpetitione
809 3367 969 3442 prosperitate
982 3367 1032 3420 frui
1047 3378 1145 3440 potest,
1162 3365 1253 3437 quippe
1262 3383 1320 3436 que

249 3459 371 3520 praeturae.
385 3446 423 3498 Cf.
435 3445 467 3498 de
482 3446 612 3498 Constant.
626 3445 686 3518 Sap.
705 3463 759 3515 cap.
808 3443 952 3498 infortuniis
963 3463 1018 3497 non
1030 3443 1116 3517 digua.

253 3546 280 3591 ¹7
292 3565 299 3592 ,
311 3525 334 3578 3.
344 3525 410 3578 Sunt
415 3525 470 3578 hec
479 3524 554 3576 verba
561 3541 644 3576 rerum
653 3531 759 3580 naturae,
842 3527 865 3576 5.
875 3525 1049 3576 calamitates
1058 3533 1217 3590 ferrumque
1218 3558 1257 3572 .....
1264 3522 1322 3572 mit·

250 3604 268 3655 i.
286 3624 308 3656 e.
322 3603 390 3670 Dei,
408 3603 452 3674 qui
467 3603 593 3654 malorum
608 3600 690 3652 varim
710 3599 762 3652 for·
809 3614 868 3656 tere.
891 3602 956 3670 Quis
980 3620 1033 3654 nou
1055 3599 1192 3652 sublimem
1215 3597 1323 3672 Virgilii

250 3703 305 3736 Μ
330 3695 477 3742 mummi,
499 3701 590 3754 nempe
615 3679 760 3732 fulmitlffas
810 3701 909 3735 versum
924 3675 1324 3747 hiereminircitur,Gcorg.lib.

250 3781 308 3832 cum
315 3759 763 3835 potentibus‚indignissmulivicto·
811 3760 835 3810 ll
846 3776 853 3810 r
865 3761 971 3828 «Atque
989 3769 1069 3810 metus
1084 3773 1172 3807 ornnes
1191 3766 1216 3804 et
1232 3753 1325 3806 inexo-

250 3841 331 3904 riam,
344 3839 419 3894 civile
429 3838 541 3902 bellum,
554 3849 661 3889 mortem
671 3835 762 3888 volun·
810 3835 889 3889 rabilc
900 3837 980 3888 fatum
992 3833 1106 3904 subjecit
1118 3831 1233 3901 pedihus.
1241 3853 1255 3877 ι

250 3919 340 3970 tarium
353 3937 359 3970 :
372 3917 459 3969 omnia
468 3915 522 3970 hac
537 3935 622 3988 passus
636 3927 671 3968 est
684 3915 761 3982 Cato,
844 3912 1120 3966 emorrannum.
1132 3913 1225 3979 δῆγμα,
1237 3907 1326 3962 tedo-

249 3995 411 4049 felicissimus
422 4007 506 4046 tamen
514 3992 696 4066 sapientiorum
704 4011 762 4045 con·
812 3992 907 4045 loribus
919 3992 947 4044 in
960 4011 1007 4045 usu
1019 4004 1063 4045 cst.
1074 3989 1178 4044 Consul.
1196 3989 1227 4040 ad
1241 3987 1324 4040 Marc.

250 4093 338 4136 sensu3
351 4093 410 4146 ergo
422 4072 477 4126 liaec
491 4091 544 4124 uon
555 4071 623 4123 mala
636 4083 699 4122 sunt.
812 4091 865 4146 cap.
880 4091 910 4140 7,
928 4090 947 4122 ι.
960 4069 1013 4122 Cic.
1027 4069 1117 4143 Dispp.
1130 4069 1206 4120 ‘fuse
1216 4066 1263 4119 tib.
1275 4067 1325 4130 Ν,

283 4151 307 4204 3.
322 4151 391 4202 Tum
402 4150 630 4221 infiliciterquum
645 4153 763 4218 pertrita·
811 4167 864 4222 rap.
877 4167 901 4212 7.

250 4233 317 4283 citer.
331 4230 419 4301 Neque
428 4229 497 4281 cuim
505 4241 562 4281 ante
571 4247 682 4300 pugnare
690 4225 762 4279 desiit
847 4245 869 4294 7.
887 4227 1007 4278 Alterum
1020 4235 1131 4294 portent.
1152 4223 1186 4276 ll.
1205 4243 1227 4274 e.
1245 4241 1327 4276 unam
