2812 4898
449 435 631 504 CAPUT
657 435 724 504 tv,
1095 437 1133 501 31

80 575 135 628 est.
152 564 264 632 Movet
280 565 481 649 cercbmm,
500 567 537 634 in
554 589 658 636 vanas
670 579 802 632 mentes
821 563 986 656 imagines
999 579 1135 646 evocat,
1200 645 1203 654 ¹

80 677 209 748 multum
231 682 323 752 inter
347 683 467 752 falsum
489 707 529 752 ac
548 705 667 752 verum
690 680 810 750 mediae
835 680 992 774 caliginis
1010 679 1135 749 lundit.

80 789 200 880 Quidni
215 796 319 864 satius
334 796 403 878 sit,
438 810 638 890 perpetuam
655 793 888 864 infelicitatem
906 816 982 885 quas
999 791 1140 864 advocat

80 905 118 972 ad
134 909 310 993 virtutem,
331 912 517 993 sustinere,
539 933 641 1003 quam
662 910 806 978 infinitis
828 923 930 1002 atquc
948 907 1138 978 immodicis

81 1020 169 1092 bonis
188 1027 327 1118 rumpi?
350 1027 474 1095 Leuior
493 1026 614 1118 jejuno
637 1051 727 1094 mors
744 1043 797 1094 est
821 1053 828 1092 ι
849 1023 1017 1094 cruditate
1037 1024 1139 1094 dissi-

81 1132 189 1205 liunt¹.
206 1141 303 1210 Hanc
318 1140 605 1232 ltaqucrstionem
613 1140 671 1207 Dii
685 1154 875 1232 sequuntur
884 1139 921 1206 in
933 1138 1031 1207 bonis
1041 1139 1136 1220 viris,

80 1272 170 1338 quam
184 1252 221 1318 in
241 1251 418 1344 discipulis
430 1254 500 1321 suis
515 1267 742 1346 praeceptores
759 1278 767 1318 ε
786 1253 847 1344 qui
864 1251 940 1344 plus
956 1249 1082 1320 laboris
1094 1250 1139 1320 ab

80 1363 126 1432 his
142 1369 305 1462 exiguum,
322 1370 359 1436 in
374 1369 499 1460 quibus
512 1371 639 1438 certior
652 1393 730 1462 spes
747 1385 809 1437 est.
834 1367 1009 1460 Numquid
1031 1383 1068 1436 tu
1085 1369 1141 1436 iu·
1166 1394 1193 1431 ιι

78 1481 157 1549 risos
174 1505 247 1550 esse
262 1481 527 1552 Lacedaemoniis
541 1483 668 1552 liberos
681 1508 760 1554 suos
775 1482 909 1566 credis,
926 1507 1070 1576 quorum
1083 1507 1140 1552 cx·

78 1599 250 1688 peliuntur
268 1599 416 1668 indolem
427 1599 566 1693 publice
585 1601 785 1670 verberibus
802 1600 970 1670 admotis?
982 1602 1051 1695 Ipsi
1063 1600 1140 1668 illos

77 1731 183 1806 patres
200 1716 448 1799 adhortantur,
474 1731 512 1786 ut
535 1717 623 1786 ictus
642 1717 854 1810 flagellorum
877 1719 1011 1787 fortiter
1026 1716 1140 1810 perle-

78 1846 163 1914 rant,
179 1847 214 1899 et
227 1831 358 1901 laceros
374 1855 415 1900 ac
432 1831 647 1900 semianimes
663 1849 807 1926 rogant,
829 1847 1050 1926 perseverent
1065 1832 1141 1902 vul·

79 1947 663 2042 nerapraebcrevulncribus².Quid
672 1949 950 2035 mirum,sidure
961 1971 1142 2043 generosos

6 2053 7 2068 ¹
78 2063 211 2154 spiritus
225 2065 318 2132 Deus
332 2063 463 2133 tentati
478 2064 670 2154 Numquam
687 2065 823 2134 virtutis
841 2065 941 2138 molle
961 2064 1141 2134 documen·

79 2191 141 2244 tum
154 2193 219 2246 est.
242 2176 411 2248 Verberat
427 2201 490 2246 nos
508 2193 542 2246 et
557 2177 683 2248 lacerat
700 2176 1046 2272 lortunazpatiamur!
1064 2182 1140 2247 Non
1168 2224 1197 2258 η

79 2304 124 2356 est
138 2291 269 2360 saevitia
289 2317 297 2356 z
318 2305 490 2360 certamen
512 2305 584 2374 θεῖς
605 2315 673 2382 quo
691 2293 814 2384 saepius
836 2291 1042 2375 adierimus,
1069 2293 1140 2360 lor-

7 2415 9 2504 ζ
78 2405 172 2476 tiores
190 2407 331 2476 erimus.
354 2397 564 2478 Solidissims
586 2424 735 2500 pareest
757 2410 930 2502 corporis,
954 2434 1055 2501 quam
1072 2409 1142 2478 ire-

78 2541 178 2610 quens
194 2545 278 2588 usus
292 2520 445 2612 agitavit.
467 2519 648 2590 Praebendi
662 2521 805 2592 fortunat
819 2547 956 2605 sumus,
973 2539 1011 2592 ut
1024 2538 1142 2606 contm

78 2632 175 2724 ipsam
191 2633 238 2702 ab
259 2635 333 2726 ipsa
356 2633 532 2702 duremur.
559 2634 725 2705 Paulatim
742 2659 804 2705 nos
823 2636 889 2704 sibi
909 2660 1008 2729 pares
1024 2636 1137 2704 saciet.

78 2749 310 2844 contemptum
337 2748 566 2842 periculorum
589 2748 768 2818 assiduitas
790 2750 1006 2842 periclitandi
1031 2749 1138 2818 dabit.

79 2865 129 2932 Sic
144 2881 225 2933 sunt
248 2866 394 2932 nauticis
411 2887 553 2957 corpora
572 2862 713 2932 serendo
724 2866 820 2932 mari
842 2864 951 2948 durs,
983 2864 1143 2958 agricolis

81 3001 191 3046 manus
204 2979 308 3046 tritae.
328 2976 381 3045 Ad
399 2975 600 3045 excutienda
617 2977 683 3045 tela
696 2976 859 3046 militares
873 2979 989 3046 lacerti
1004 2977 1140 3062 valent3

82 3092 177 3184 agilia
194 3107 275 3162 sunt
292 3092 445 3160 membra
467 3091 674 3160 cursoribus.
696 3089 737 3159 Id
759 3091 796 3158 in
821 3115 957 3183 quoquc
982 3090 1145 3160 solidissi-

84 3233 167 3277 mum
192 3227 268 3293 est,
290 3207 382 3302 quod
401 3209 564 3277 exercuit.
592 3205 648 3278 Ad
673 3208 953 3277 contemnendam
979 3209 1143 3280 malorum
1172 3236 1202 3288 13

85 3328 281 3417 potentiam,
297 3326 429 3404 anirnus
441 3324 605 3418 patientia
616 3323 772 3415 pervenit
787 3349 794 3385 ι
812 3347 888 3415 quae
900 3322 986 3414 quid
997 3325 1034 3392 in
1046 3323 1145 3392 nobis

87 3537 146 3570 mem
162 3519 215 3592 tegi
231 3531 255 3571 et
268 3517 393 3572 defensari
407 3537 421 3569 a
438 3516 545 3578 brume,
559 3525 587 3566 ut
635 3533 674 3586 pe.
687 3512 782 3566 Sensus
798 3533 859 3566 vero
870 3525 923 3565 est:
936 3513 964 3565 si
980 3514 1042 3585 quid
1059 3527 1146 3567 contra

88 3605 109 3644 et
123 3595 198 3649 hodie
216 3596 282 3670 apud
297 3615 343 3648 nos
362 3615 407 3670 per
417 3594 585 3668 hypocausta,
636 3591 747 3642 edictum
759 3591 853 3643 medici
862 3592 1078 3657 manducaverint,
1093 3592 1145 3645 dis·

89 3685 168 3725 mun
177 3673 339 3728 numani-t.
357 3671 401 3725 lib.
410 3671 487 3735 Vlll,
500 3670 587 3741 Epigr.
636 3669 725 3720 siliunt
743 3669 776 3720 olt
794 3668 941 3722 eruditatem
963 3669 1032 3734 cibi,
1051 3671 1144 3741 qualis·

89 3765 170 3803 xrs:-
183 3751 282 3804 Psllide
304 3770 336 3802 nc
356 3749 468 3802 Cilicum
484 3748 589 3799 timeant
637 3765 745 3816 cumque
760 3746 862 3800 demum
877 3759 921 3799 snt
934 3747 1144 3818 quantuluscum-

91 3828 192 3896 μκή
208 3830 340 3892 brumam,
359 3824 476 3878 Mordeat
485 3837 510 3876 et
519 3835 588 3875 tene·
638 3843 687 3896 quc
699 3823 742 3876 ille
754 3825 837 3876 luerit.

92 3923 140 3956 tum
154 3908 246 3960 sortior
260 3926 321 3960 eure
339 3925 446 3968 nemus,
469 3901 590 3956 Hibernis
673 3923 696 3954 α.
719 3903 882 3956 perseverent
903 3907 1013 3956 onlnem
1033 3905 1147 3971 proebere

93 3982 180 4053 obieeta
199 3986 271 4038 Notis
292 3984 430 4057 speculeris
446 3999 522 4054 puros
535 3977 591 4032 Ad·
639 3982 798 4036 uulneribus.
822 3981 878 4033 Hoc
898 3993 952 4046 est,
967 3981 1075 4033 lacerate
1094 3982 1145 4053 jem

94 4061 273 4128 nimissotes,
286 4075 311 4115 et
327 4059 545 4114 sineiaecediem.
558 4059 591 4110 ttt
639 4057 803 4124 vulneribus,
825 4057 917 4130 passim
943 4071 1016 4132 rupta
1035 4057 1150 4110 membra

95 4139 152 4190 milti
161 4139 223 4193 eella
232 4140 323 4204 datur,
335 4151 382 4192 ete·
397 4159 412 4184 s
639 4135 744 4208 flagellis
761 4134 872 4207 prtebere
889 4146 1069 4208 perseverent,
1090 4151 1147 4204 ques

126 4233 135 4266 ¹
146 4215 278 4272 Gustare
286 4220 426 4270 dissiliunt.
437 4213 593 4287 AEgeiuetu
641 4233 707 4264 nova
718 4212 823 4267 vulnere
838 4213 970 4267 incutient.
