2812 4898
457 492 631 576 CAPUT
663 497 704 564 V.
1072 505 1113 568 35

62 649 165 720 rnrgna
174 627 332 696 videatur
343 631 507 697 varietate
517 627 730 722 singulorum
743 627 817 695 vita‘
824 625 1009 720 distingui,
1025 651 1116 697 sum·

62 765 105 809 rna
123 746 154 811 in
173 769 281 812 unum
299 745 394 818 venit
415 771 422 811 :
444 745 637 838 accepimus
656 743 810 838 peritura
833 743 993 836 perituri.
1021 743 1118 836 Quid
1144 763 1161 817 6

62 856 101 924 ita
120 857 362 951 indignamur?
381 856 466 950 quid
489 859 692 950 querimur?
709 854 754 924 ad
772 857 838 925 h'oc
860 857 970 949 parati
988 880 1115 926 sumus.

63 973 190 1058 Utatur,
217 989 256 1042 ut
276 974 371 1057 vult,
397 975 467 1042 suis
489 987 613 1042 natura
639 971 839 1066 corporibus
865 998 872 1038 :
897 995 958 1042 nos
983 972 1052 1041 laeti
1077 972 1122 1040 ad

63 1093 160 1161 omnis
179 1109 215 1160 et
233 1092 337 1162 fortes
357 1093 545 1185 cogitemus
572 1090 660 1160 nihil
676 1091 792 1184 perire
811 1088 854 1158 de
876 1106 1003 1160 nostro.
1026 1089 1123 1184 Quid

61 1224 104 1276 est
125 1209 208 1279 boni
236 1211 334 1278 viri?
354 1209 512 1304 praebere
538 1233 575 1277 se
597 1208 677 1277 sato.
706 1206 847 1276 Grande
867 1207 1021 1276 solatium
1047 1223 1120 1291 est,

60 1349 124 1394 cum
138 1327 301 1395 universo
330 1327 416 1419 rapi.
447 1324 630 1418 Quidquid
654 1323 820 1417 estquod
842 1347 905 1392 nos
932 1325 981 1393 sic
1007 1329 1123 1394 vivere

54 1441 164 1531 jussit,
197 1443 248 1511 sic
277 1423 389 1524 niori,
420 1441 539 1510 eadem
565 1442 766 1510 necessitate
795 1455 830 1508 et
858 1441 949 1509 Deos
976 1440 1119 1536 alligat,

57 1559 281 1630 irrevocabilis
305 1561 455 1630 humana
472 1561 603 1653 pariter
616 1584 657 1628 ac
670 1558 787 1629 divina
800 1583 920 1628 cursus
935 1559 1042 1628 vehit.
1062 1557 1125 1627 Ille

56 1675 119 1768 ipse
133 1677 288 1746 omnium
301 1675 458 1745 conditor
472 1690 507 1744 et
518 1689 631 1743 rector
643 1676 779 1768 scripsit
787 1673 927 1768 quidem
941 1673 1009 1742 fata
1023 1679 1047 1758 ¹,
1065 1671 1126 1742 sed

54 1794 201 1884 seqnitur
221 1817 230 1859 ι
252 1815 387 1886 semper
407 1805 529 1885 peret,
558 1788 662 1858 semel
683 1790 798 1882 jussit.
832 1817 849 1854 u
867 1789 986 1882 Quare
1012 1806 1126 1859 tamen
1153 1810 1166 1858 t

59 1911 183 1980 »Deus
209 1926 276 1977 tarn
300 1910 439 2001 iniquus
459 1909 496 1975 in
515 1905 755 1976 distributione
776 1907 835 1975 tari
862 1907 949 1992 fuit,
970 1923 1010 1977 ut
1027 1907 1127 1976 bonis

58 2051 72 2084 r
91 2025 173 2092 viris
193 2037 458 2118 paupertatem,
486 2022 631 2090 vulnera
656 2039 691 2090 et
714 2022 837 2092 acerba
858 2021 979 2091 funera
998 2022 1129 2091 adseri·

61 2141 254 2210 »heretis
278 2144 356 2208 Non
373 2154 484 2234 potest
509 2137 632 2242 artilex
656 2154 788 2208 mutare
814 2139 991 2206 materiem
1018 2165 1026 2205 :
1053 2139 1128 2208 baec

55 2277 143 2348 passa
158 2270 214 2324 est
224 2260 252 2322 ².
269 2252 437 2346 Quaedam
453 2253 605 2346 separari
622 2275 643 2320 a
656 2250 861 2344 quibusdam
876 2277 945 2321 nnn
964 2271 1123 2346 possunt,

13 2367 14 2370 '
53 2372 243 2453 coherent,
264 2368 443 2439 individua
460 2384 552 2438 sunt.
568 2367 749 2462 Languida
760 2369 921 2463 ingenie,
938 2385 973 2438 et
991 2371 1028 2438 in
1043 2396 1128 2440 som-

53 2511 127 2558 num
139 2490 255 2568 itura,
276 2503 336 2556 aut
354 2488 389 2553 in
408 2485 560 2579 vigiliam
577 2510 694 2554 somno
713 2487 938 2571 simillimam,
956 2490 1126 2562 inertibus

13 2647 14 2652 κ
50 2619 230 2672 nectuntur
247 2591 449 2670 elementis³
467 2627 476 2667 ι
492 2614 531 2669 ut
544 2600 715 2669 efficiatur
731 2602 786 2670 vir
799 2625 876 2671 cum
886 2598 993 2673 cura⁴
1009 2605 1126 2676 dicen·

51 2715 128 2802 dus,
149 2719 294 2788 fortiore
314 2719 382 2786 lato
399 2702 485 2810 opus
503 2707 590 2784 est⁵.
611 2719 687 2784 Non
709 2718 777 2785 erit
794 2717 845 2786 illi
865 2719 1005 2812 planum
1028 2722 1122 2791 iter:

48 2859 178 2904 sursum
188 2849 325 2928 oportet
342 2857 383 2900 ac
399 2829 562 2900 deorsum
578 2846 656 2913 eat,
674 2832 879 2914 fluctuetur,
898 2858 939 2904 ac
949 2838 1123 2932 navigium

48 2949 80 3018 in
93 2948 234 3020 turbido
248 2963 367 3041 regat3
388 2961 507 3014 contra
527 2945 697 3014 fortunam
716 2947 766 3014 illi
786 2948 954 3019 tenendus
973 2967 1024 3020 est
1042 2977 1123 3021 cur-

49 3089 112 3132 sus.
139 3063 253 3136 Multa
271 3060 430 3131 accident
453 3060 562 3144 dura,
583 3083 731 3153 aspera,
756 3053 818 3130 sed
839 3086 916 3155 quae
939 3065 1068 3134 molliat
1090 3083 1124 3136 et
1148 3091 1165 3143 s

49 3179 238 3274 complanet
252 3178 337 3272 ipse.
352 3176 447 3269 Ignis
456 3198 577 3242 aurum
588 3173 731 3268 probat,
742 3175 887 3246 miseris
900 3177 1004 3248 fortes
1016 3181 1119 3249 viros.

50 3359 129 3399 nmen
140 3346 217 3399 Obsr.
228 3344 275 3398 lib.
288 3345 327 3409 ll,
339 3361 394 3416 crp-
406 3343 453 3410 23,
463 3363 488 3417 p.
503 3345 558 3408 ¹40,
608 3353 704 3407 satura,
714 3341 932 3398 sinemomoveat.
941 3345 1121 3412 &sternitum

51 3426 166 3478 emendat
177 3443 232 3476 non
243 3421 310 3474 mals
322 3421 449 3474 narmi.
609 3419 696 3484 idest,
709 3419 800 3485 listis,
819 3424 951 3477 materiam
968 3427 1078 3488 innuat,
1099 3441 1122 3480 et

83 3521 103 3552 ι.
116 3501 229 3571 Scripsit
234 3501 311 3574 sac·
329 3499 360 3552 ld
375 3510 425 3563 est,
446 3495 516 3570 leges
531 3495 559 3548 in
609 3511 770 3568 quocumque
782 3499 851 3565 vult,
862 3515 950 3556 versat.
963 3503 1040 3556 Plura
1052 3500 1123 3560 dedit

50 3591 169 3631 mum
185 3578 260 3644 dixit,
273 3575 378 3649 scripsit.
609 3575 709 3646 Lipsius
716 3575 743 3626 in
749 3575 983 3649 Physiolog.8toic.
989 3583 1056 3650 [1,4,
1063 3584 1122 3638 Tie-

80 3677 103 3708 s.
113 3657 176 3710 Non
182 3665 398 3726 potest.....pnrsn
409 3663 455 3706 est.
467 3651 560 3705 Stoice
610 3651 731 3705 riemann.
740 3652 815 3707 Ger’st
822 3657 869 3708 der
875 3657 1120 3729 spelmptttoslt,

50 3733 138 3788 ecbola
148 3735 278 3788 decretum
291 3749 298 3784 τ
310 3731 342 3785 de
353 3748 405 3802 quo
415 3733 448 3784 cl.
457 3731 490 3783 sd
501 3731 557 3781 Nat·
608 3750 632 3804 p·
641 3731 699 3797 440.
710 3751 764 3803 sqq·
773 3733 882 3787 Materia
894 3735 971 3809 igitur
982 3758 1066 3806 passa
1075 3752 1122 3803 est,

51 3811 145 3879 Quat
159 3813 203 3866 lib·
217 3815 247 3879 l,
269 3811 339 3886 μεθ’.
356 3811 414 3880 Si,
429 3809 463 3876 3,
476 3821 501 3861 et
512 3807 557 3860 fin.
609 3821 636 3861 nt
647 3810 801 3862 formaretur
810 3811 874 3864 iniri
885 3815 956 3884 quod
970 3815 1024 3868 fiori
1033 3818 1122 3890 potuit.

52 3887 112 3940 item
124 3889 202 3960 Πίος.
214 3884 352 3943 herfflib.
360 3889 427 3953 Vll,
444 3887 500 3955 134,
513 3887 558 3941 ubi
607 3887 751 3940 illustratur
763 3907 832 3942 nune
850 3889 899 3944 boc
914 3891 1008 3964 dogma
1024 3894 1122 3966 aliquot

51 3969 152 4044 liturg.
165 3969 251 4024 Senes.
267 3970 316 4041 Ep·
329 3967 371 4029 65,
389 3964 493 4019 tradar:
506 3965 559 4016 nt·
609 3985 654 4021 exe
699 3964 739 4017 lis.
915 3985 921 4004 ⁴

54 4047 231 4113 remmath,
245 4047 327 4098 Stoici
341 4044 434 4107 nostri,
444 4043 497 4098 duo
506 4061 558 4096 esre
642 4043 665 4095 3.
700 4046 825 4098 tementis.
836 4043 877 4097 Οἱ.
886 4045 967 4099 delta
978 4048 1014 4115 11,
1029 4049 1072 4114 rs,
1085 4067 1120 4125 ¹9

56 4121 80 4174 in
99 4143 185 4176 rtrum
195 4137 299 4192 nature,
318 4145 348 4176 ex
365 4120 458 4194 quibus
473 4123 559 4176 omnia
644 4122 667 4187 4.
682 4122 857 4175 eumcum-1.
868 4124 977 4180 elauris
989 4139 1012 4179 st
1027 4127 1122 4202 gloria:

58 4199 137 4254 bnt:
149 4219 247 4256 numu
263 4216 287 4256 et
298 4201 442 4254 msterim.
453 4198 561 4252 litteris
614 4201 648 4252 ds
660 4198 751 4251 Densi.
761 4201 807 4265 Ν,
823 4221 845 4265 r,
855 4221 876 4254 ι.

58 4278 257 4349 pertineremus
267 4279 394 4333 adomnia
407 4287 564 4352 percluces·
606 4357 612 4368 Ι
648 4279 670 4330 5.
680 4277 966 4352 &ramsolan-..ess
981 4283 1059 4351 Quod
1073 4283 1127 4336 ori·
