2812 4898
545 451 612 521 DE
636 452 1020 524 PROVIDENTIA

249 584 386 678 iugere¹
401 612 411 670 3
430 583 580 676 ideoque
595 607 636 652 cx
651 582 808 652 omnibus
823 582 947 665 rebus,
964 607 1049 676 quas
1064 606 1138 651 csse
1151 582 1244 651 vobis
1255 603 1313 646 ne·
1384 599 1385 672 t

247 701 411 768 cessariss
426 699 540 782 volui,
562 699 650 768 nibil
669 699 733 768 feci
749 697 882 768 facilius
894 725 997 793 quom
1011 701 1110 770 mori.
1125 704 1236 769 Prono
1245 699 1314 766 oni-
1384 677 1385 772 l

247 816 420 886 momloco
431 817 528 909 posui
540 821 572 882 ²:
590 816 738 885 trahitur
750 867 758 884 .
769 815 946 884 Attendite
956 814 1076 898 modo,
1091 831 1126 884 et
1138 813 1309 894 videbitis,
1384 823 1385 890 ἶ

246 957 348 1026 quam
363 934 478 1001 brevis
491 931 536 999 sd
549 932 742 1001 libertatem
753 923 780 1015 ³,
798 914 833 999 el
846 956 948 1024 quam
962 931 1121 1024 expedita
1133 931 1235 1000 ducat
1248 931 1309 1000 via.
1384 917 1385 960 i

246 1051 323 1116 Non
341 1063 408 1116 tam
429 1047 548 1142 longos
566 1048 602 1114 in
619 1048 711 1114 exitu
730 1047 848 1127 vobis,
870 1071 972 1138 quum
990 1040 1237 1124 intrantibus⁴‚
1254 1067 1314 1110 mo-
1384 1019 1385 1110 l

246 1187 302 1230 ras
326 1164 424 1256 posui
450 1189 459 1228 ι
481 1163 614 1254 alioqui
633 1183 794 1254 magnum
813 1163 850 1230 in
868 1185 926 1230 vos
946 1185 1090 1256 regnum
1116 1160 1252 1230 fortuna
1270 1175 1315 1226 tc-

246 1280 398 1363 nuisset,
424 1280 453 1347 si
471 1280 572 1347 homo
594 1295 662 1346 tam
680 1277 776 1346 tarde
799 1295 1009 1362 moreretur,
1034 1302 1136 1371 quam
1154 1279 1312 1346 nascimr.

207 1418 221 1468 7
247 1396 358 1467 Omne
379 1413 533 1492 tempus,
556 1397 666 1464 omnis
681 1421 740 1464 vos
764 1396 857 1465 locus
873 1394 1015 1477 doceat,
1037 1369 1139 1488 quani
1161 1395 1260 1463 focile
1278 1395 1318 1462 sit
1384 1415 1385 1450 t

247 1514 446 1584 renuntiare
463 1528 594 1582 nuturae
606 1506 632 1595 ⁵,
648 1528 683 1581 ct
696 1537 818 1582 munus
833 1537 931 1581 suum
942 1513 992 1581 illi
1006 1514 1210 1607 impingere.
1229 1515 1317 1580 lnter
1384 1511 1385 1536 ¹

247 1633 320 1724 ipsa
337 1631 458 1699 alteria
479 1646 514 1697 et
532 1630 700 1698 solemnes
718 1630 982 1699 sacrificantium
1002 1631 1112 1712 ritus,
1128 1628 1210 1698 dom
1224 1647 1319 1724 opta·

248 1762 304 1815 tur
319 1730 388 1813 itta
398 1741 425 1828 ⁶,
455 1760 596 1812 mortem
616 1743 814 1813 condiscite.
839 1747 990 1839 Corpora
1013 1747 1125 1845 opima
1147 1761 1317 1814 taurorum

157 1888 161 1897 ·
246 1863 369 1956 exiguo
386 1858 571 1930 concidunt
583 1861 745 1942 vulnere,
766 1877 801 1928 et
813 1885 1012 1954 magnarum
1025 1863 1150 1930 virium
1163 1862 1320 1930 animalia
1384 1921 1385 1940 ,

173 2049 178 2068 .
216 2033 218 2036 .
246 1976 404 2043 bumanae
425 1999 545 2042 manus
562 1973 649 2042 ictus
666 1975 832 2067 impellit3
858 1975 953 2042 tenui
971 1975 1062 2042 terro
1083 1977 1320 2044 'commissura
1384 1997 1385 2092 p

247 2094 390 2188 cervicis
412 2091 629 2185 abrumpitur
654 2119 662 2157 ι
688 2107 723 2160 et
738 2117 842 2185 quum
860 2093 1024 2163 articulus
1041 2092 1121 2176 ille,
1143 2095 1203 2186 qui
1220 2111 1320 2188 caput
1384 2099 1385 2164 l

248 2208 441 2300 collumque
460 2210 652 2290 connectit,
676 2209 802 2277 incisus
819 2225 893 2290 cst,
922 2226 1015 2278 tantu
1031 2209 1089 2276 illa
1104 2204 1234 2278 molcs⁸
1249 2235 1322 2278 cor-
1384 2223 1385 2280 ζ

207 2333 225 2385 8
249 2326 331 2394 ruit.
354 2327 429 2392 Non
449 2325 485 2391 in
499 2324 567 2392 alto
581 2324 663 2392 latet
684 2324 861 2417 spiritusl,
879 2349 944 2393 nec
956 2327 1075 2418 utique
1098 2325 1188 2394 ferro
1201 2351 1321 2394 eruen-

283 2521 761 2594 1.Pugoore....sugere.l’ugneestvi-

247 2619 307 2652 vere
320 2621 327 2662 ;
338 2619 399 2673 ergo
409 2601 470 2670 luga
479 2619 569 2652 necem
579 2599 627 2651 sibi
638 2599 759 2652 conscire.

275 2679 519 2746 sArrimomposui,
528 2677 652 2750 lapsuram
660 2691 758 2750 sponte,

248 2757 298 2810 nisi
320 2756 461 2816 identidem
486 2757 607 2810 trahetur.
631 2757 687 2810 lloc
713 2755 756 2817 lit.

247 2854 328 2906 quum
339 2834 533 2908 reciprocamus.
542 2834 660 2888 Acumen
671 2834 700 2886 in
709 2834 759 2887 lroc

248 2915 305 2967 loco
315 2911 390 2965 ieoile
400 2911 535 2982 intelliges.
548 2911 674 2966 Ceterum
684 2913 715 2965 ef.
728 2912 760 2964 de

247 2994 305 3060 Ire,
317 2991 362 3044 lib.
374 2991 430 3055 lli,
444 3009 498 3064 cop.
510 2993 548 3044 15.

281 3071 306 3124 3.
312 3072 361 3122 Art
367 3070 521 3122 libertatem.
531 3069 597 3120 Nem
606 3063 718 3118 liberille
726 3080 761 3119 est

249 3150 293 3220 qui
303 3147 418 3201 moritur.
426 3146 486 3198 Vid.
496 3145 527 3196 dc
540 3145 589 3206 lrs,
601 3143 646 3196 lib.
657 3143 710 3207 Ill,
723 3148 760 3198 «5.

249 3229 339 3282 Senec.
355 3227 432 3298 Τῆς.
448 3225 508 3276 setis
524 3222 613 3277 similis
631 3221 658 3274 in
677 3221 762 3296 dithy-

249 3306 363 3360 rsmbico
380 3304 480 3366 choro,
503 3301 559 3354 init.
577 3323 590 3348 o
605 3302 664 3353 ileu
685 3319 763 3370 quem

251 3385 325 3438 dolce
346 3383 444 3452 melum
461 3378 609 3432 mortalibus
626 3376 761 3442 additum,

250 3465 318 3515 vtue
329 3462 399 3514 dirus
409 3458 495 3514 amor!
508 3477 587 3530 quum
599 3469 681 3530 petent
689 3456 762 3508 melis

251 3539 407 3610 Ellopium,
429 3549 454 3590 et
474 3536 578 3588 miseros
598 3533 677 3586 libers
696 3551 762 3584 mors

251 3631 323 3672 vocet
332 3619 423 3672 Portus
431 3627 524 3666 eterno
532 3612 645 3686 placidus
654 3612 761 3682 quiete.»

284 3697 308 3762 4.
330 3693 504 3748 Intrantibus.
519 3693 550 3744 ln
563 3691 661 3754 lucem,
677 3690 704 3742 in
723 3689 762 3740 vi·

251 3787 318 3836 tem,
334 3772 383 3825 boc
396 3784 449 3835 est,
464 3767 632 3822 nascentibus.

286 3854 309 3904 5.
331 3849 494 3902 Renuntrlrre
507 3855 617 3898 natm
637 3845 695 3904 lloc
708 3857 760 3910 est,

251 3932 330 3984 ictum
345 3929 427 3982 leodos
441 3947 499 3980 cnm
520 3938 609 3978 ustura
626 3928 760 3998 frangere.

250 4009 420 4080 amicitiaque
440 4004 567 4058 oblivisci.
584 4003 687 4078 Optime
708 4003 762 4078 gel-

250 4090 313 4143 liens
326 4088 447 4159 interpres
460 4102 466 4135 :
483 4106 497 4130 o
506 4081 632 4136 Combien
645 4081 663 4133 il
675 4093 711 4134 est
723 4082 762 4133 ie·

250 4169 298 4222 eile
310 4167 342 4220 de
353 4185 455 4236 romprc
466 4184 527 4218 avec
537 4164 561 4216 la
574 4176 669 4216 nature.
680 4183 694 4208 »

282 4248 307 4306 ll·
329 4246 402 4302 Dum
417 4255 524 4315 optetur
538 4247 606 4296 vito.
623 4243 759 4312 Nemque,

808 2535 836 2574 ut
850 2522 988 2594 plurimum
1004 2545 1020 2576 ι
1034 2525 1091 2578 Diis
1103 2539 1128 2579 et
1142 2528 1247 2580 fortune
1263 2541 1321 2580 tunc

807 2601 913 2674 longam
924 2603 1002 2655 vitem
1013 2623 1152 2675 precemur.

843 2700 865 2749 7.
887 2681 1076 2735 Commrsum.
1093 2682 1252 2735 subeuntis.
1270 2701 1321 2734 non

808 2759 876 2812 verb.
893 2758 1007 2833 particip.
1021 2773 1067 2812 eet.
1084 2763 1130 2812 fut.
1148 2772 1172 2812 et
1189 2759 1321 2812 vinculum

808 2834 858 2889 boc
869 2834 1001 2910 physicum
1015 2837 1131 2911 designat
1142 2855 1193 2907 quo
1208 2838 1322 2908 conjnn-
1384 2859 1385 2868 ¹

810 2911 878 2986 gitur
891 2925 933 2965 aut
944 2913 1043 2986 corpori
1054 2913 1154 2986 reliquo
1165 2914 1269 2975 cervix,
1281 2927 1322 2966 ent

809 3001 899 3042 trunco
910 3009 991 3043 unum
1002 3011 1030 3042 ex
1041 2993 1141 3061 ἄρθροις.
1156 2994 1323 3046 Commium

810 3068 879 3120 enim
892 3083 928 3120 est
937 3087 1002 3139 sepe
1016 3070 1051 3122 isa
1061 3089 1100 3122 res
1110 3069 1172 3121 dues
1181 3109 1187 3134 ,
1196 3071 1269 3140 qood
1284 3089 1324 3122 se-

810 3146 913 3217 quentia
936 3147 1063 3220 probent,
1089 3148 1247 3219 conjungere
1262 3187 1269 3210 ‚
1297 3160 1325 3199 ut

811 3225 951 3280 coalescant
961 3225 989 3278 in
1002 3245 1090 3277 unum.
1101 3225 1192 3278 Gellio.
1203 3231 1324 3278 mmmis-

811 3323 875 3356 εντα
889 3315 925 3356 est
937 3306 961 3355 ie
970 3308 1044 3367 joint.

844 3381 867 3432 8.
882 3381 970 3432 Tanto
981 3384 1030 3434 itta
1038 3386 1126 3434 moles.
1136 3381 1197 3444 Ros,
1205 3382 1323 3452 juvenca,

811 3472 854 3510 ant
866 3471 951 3510 taurus
962 3458 1034 3510 elteri
1048 3459 1173 3512 admotus.

844 3561 868 3610 9.
878 3536 1002 3606 Spiritus.
1010 3540 1069 3590 Non
1077 3537 1177 3600 anime,
1189 3557 1243 3589 nou
1254 3537 1323 3608 qnod

813 3616 964 3668 recentiores
984 3635 1031 3668 nos
1051 3629 1075 3668 et
1091 3615 1221 3668 christieni
1235 3617 1325 3689 populi

811 3693 928 3766 spiritum
943 3695 1043 3766 proprie
1062 3692 1183 3757 dicimus,
1203 3693 1247 3744 sed
1265 3694 1325 3746 vita

812 3770 965 3844 principium
978 3784 1003 3824 et
1013 3773 1070 3824 loos
1082 3771 1154 3836 ,sive
1162 3769 1228 3822 illud
1239 3771 1272 3822 sit
1281 3771 1326 3822 tta-

811 3868 871 3902 men
894 3869 909 3901 a
933 3851 989 3902 Deo
1011 3851 1150 3922 proiectum
1164 3885 1171 3911 ‚
1193 3862 1236 3901 aut
1258 3849 1326 3921 ignis

812 3928 914 3982 aetberei
935 3927 1016 3998 portio
1033 3927 1213 3992 subtilissime,
1231 3940 1277 3979 aot
1296 3949 1325 3980 cr

811 4006 926 4059 omnium
935 4005 1042 4080 partium
1052 4005 1178 4078 aptissime
1188 4025 1326 4078 coagmen-

810 4083 906 4136 tatione
920 4095 1037 4136 constans
1047 4085 1153 4152 elppesie.
1165 4108 1200 4122 -
1218 4083 1255 4134 In
1267 4085 1325 4134 atro

811 4182 871 4215 vero
883 4175 919 4215 est
930 4163 957 4214 in
969 4161 1137 4222 remotissime
1150 4173 1175 4212 et
1184 4161 1324 4212 secretissi-

810 4260 852 4297 me
865 4241 974 4314 corporis
986 4253 1067 4312 porte,
1078 4239 1105 4300 in
1116 4237 1323 4312 profundissimis
