2838 4900
260 490 300 532 22
543 465 610 532 DE
634 459 1010 533 PROVIDENTIA

258 610 402 676 verunt,
423 619 556 662 causam
571 593 685 664 dioent
698 594 854 663 omnibus
871 595 1002 664 saeculis
1014 599 1023 630 ¹
1037 597 1052 663 l
1065 593 1158 687 quod
1173 594 1320 687 aequiore
1407 631 1408 636 .

258 709 370 776 animo
387 731 504 801 passus
520 723 622 776 estse
640 709 759 800 patriae
777 708 884 800 eripi,
906 732 1008 800 quem
1026 708 1090 777 sibi
1113 707 1322 776 'exsiliuml

258 819 350 912 quod
367 820 468 912 Syllm
482 821 637 890 dictatori
655 821 746 889 solus
763 821 894 913 aliquid
907 823 1043 916 negavit
1053 814 1080 904 ³,
1101 836 1136 889 et
1148 835 1321 890 revocatus
1408 849 1409 862 ¹

258 961 327 1005 non
351 953 481 1005 tantum
504 930 743 1020 retrocessitl‚
764 937 825 1005 sed
845 938 979 1031 longius
1004 939 1121 1032 fugit?
1138 937 1318 1016 Viderint,

258 1053 391 1144 inquit,
409 1053 485 1138 isti,
503 1033 589 1146 quos
607 1057 721 1121 Romae
736 1051 966 1145 deprehendit
985 1054 1126 1122 felicitas
1147 1069 1205 1122 tus
1216 1045 1242 1120 ⁵.
1263 1052 1323 1118 Vi·
1409 1059 1410 1102 l

259 1167 362 1234 deant
381 1167 514 1262 largum
538 1171 574 1237 iu
593 1165 686 1237 soro⁶
708 1169 930 1261 sanguinem,
958 1185 993 1236 et
1018 1192 1121 1261 supra
1143 1167 1323 1237 Servilium
1409 1163 1410 1170 '

259 1283 369 1353 lacum
387 1283 449 1373 (id
468 1288 557 1354 enim
576 1285 833 1378 proscriptionis
850 1284 995 1378 Syllanae
1016 1285 1211 1378 spoliarium
1228 1285 1322 1372 ⁷est)

253 1566 260 1586 Ι
296 1535 316 1566 r.
331 1515 446 1568 Causam
458 1515 672 1568 dt'centomm'bus
686 1531 768 1566 sacte-
817 1512 894 1580 Mox,
908 1516 1035 1579 viderint,
1055 1517 1141 1588 inquit
1158 1513 1324 1582 (Rutilius),

260 1593 315 1645 tte?
324 1591 380 1644 Hoc
390 1605 440 1657 ert,
451 1592 655 1645 incusabuntura
665 1590 768 1665 posteris
816 1593 872 1654 isti,
882 1611 988 1661 queam.
996 1593 1020 1645 E
1027 1592 1100 1646 codd.
1108 1593 1203 1666 recepit
1211 1593 1326 1645 Gronov.

261 1673 331 1742 quod
342 1669 432 1744 injuste
446 1669 521 1723 illum
538 1669 730 1733 damnaverint,
746 1681 769 1720 et
818 1673 916 1734 Antea,
932 1671 1069 1735 Viderint,
1082 1672 1228 1743 toquithoe.

261 1767 340 1802 cause
365 1747 478 1800 dicendae
502 1747 672 1799 necessitatem
694 1741 770 1798 lrabe-
851 1751 874 1800 5.
895 1745 968 1820 Quos
980 1751 1073 1802 Itomoe
1088 1749 1251 1819 deprehendit
1258 1753 1327 1820 scli-

261 1825 331 1878 bunt.
346 1825 412 1878 Gall.
427 1826 499 1879 vertit
509 1825 663 1894 Lagrenge:
675 1845 688 1870 a
700 1822 769 1875 Cena
817 1827 883 1877 citas
901 1834 957 1878 tuo.
977 1827 1049 1894 Quos
1071 1827 1160 1879 Rome
1179 1839 1326 1892 manentes,

261 1901 305 1972 qui
314 1901 376 1954 l’ont
384 1903 533 1964 condamnd,
547 1922 579 1953 en
589 1900 770 1974 re'pondrontl
818 1921 881 1971 quos
895 1901 997 1954 chorbe
1008 1904 1124 1956 nondum
1137 1915 1224 1976 sponte
1232 1903 1329 1956 exsules

261 1992 317 2032 tous
329 1979 363 2032 les
374 1980 468 2032 siecles.
478 2001 492 2026 a
818 1979 895 2032 hictu
907 1981 967 2034 l'elix
980 1980 1174 2055 deprehendisti.
1186 1982 1267 2034 Porro
1277 2002 1329 2034 no-

295 2057 463 2126 2.AEquiore
474 2062 564 2110 auimo
573 2066 771 2127 pertusata...
818 2072 872 2110 tum
899 2071 936 2111 est
960 2060 1040 2133 Syllte
1069 2079 1212 2134 cognomen
1240 2059 1329 2113 datum

262 2139 396 2189 exsilium.
409 2137 526 2207 Namque
535 2137 621 2209 justus
640 2148 665 2187 et
678 2134 771 2207 probus
818 2139 915 2203 Felix,
926 2159 977 2211 quo
985 2139 1099 2212 inprimis
1107 2140 1262 2212 gloriabatur
1270 2157 1329 2212 gau·

262 2231 291 2266 ac
298 2231 350 2266 sue
357 2213 564 2267 sibiinnocentiae
571 2213 684 2266 consulut
692 2212 771 2264 d'ncc-
819 2217 941 2288 debetque
952 2255 959 2282 ,
972 2219 1007 2270 ita
1018 2229 1046 2270 ut
1057 2237 1154 2291 semper
1166 2217 1328 2290 epistolarum

262 2293 353 2360 debat,
365 2295 398 2347 ita
413 2307 441 2347 ut
451 2293 479 2346 in
490 2295 629 2347 calamitate
642 2293 772 2367 plauderet
819 2297 893 2351 initio
903 2297 1022 2351 scriberes
1031 2299 1059 2350 L
1071 2297 1230 2352 eorumne
1239 2295 1328 2350 Snus

261 2371 324 2438 sibi,
337 2371 500 2444 animumque
511 2371 647 2434 solaretur;
656 2369 770 2422 exsilium
819 2373 902 2427 trux
914 2377 948 2428 N,
959 2376 1001 2427 vel
1012 2375 1043 2427 N.
1058 2375 1084 2427 S.
1095 2376 1129 2427 D.

261 2450 408 2522 relinquens
420 2452 447 2503 in
457 2451 567 2525 partium
579 2450 656 2502 turin
667 2462 690 2502 et
702 2449 771 2500 insa-
851 2451 876 2507 6,
893 2451 1010 2506 Wdeant
1027 2457 1133 2522 largum
1151 2456 1261 2526 infore,
1282 2463 1329 2506 cte.

263 2529 332 2581 niam
339 2529 510 2582 retrahebatur
519 2566 526 2593 ,
540 2529 692 2599 timebatque
701 2546 733 2578 nc
742 2525 770 2578 in
818 2531 898 2586 Lacus
904 2531 1024 2584 Servilius
1030 2531 1114 2583 eratin
1121 2545 1208 2585 octava
1213 2533 1328 2604 regione,

262 2621 299 2660 tot
311 2609 394 2674 vitiis,
404 2621 441 2662 tot
449 2609 584 2663 sceleribus
593 2621 701 2662 scatente
708 2606 770 2660 urbe
820 2609 887 2680 juxta
897 2609 991 2663 Forum
996 2611 1151 2675 Romanum,
1159 2612 1192 2665 ad
1201 2609 1264 2664 latus
1273 2631 1331 2684 par-

262 2685 366 2738 vitiosns
377 2687 429 2760 ipse
440 2701 483 2739 aut
492 2687 608 2740 scelestus
617 2685 695 2739 fieret.
820 2701 920 2760 temque
931 2685 1063 2762 Capitolii,
1073 2687 1143 2759 quod
1151 2687 1264 2760 spoliarii
1271 2687 1330 2740 loco

295 2765 318 2816 3.
336 2761 417 2836 Quod
428 2763 552 2835 Syrte...
563 2769 671 2830 negavit.
682 2763 771 2817 utta·
820 2777 879 2818 tunc
900 2776 952 2816 erat
971 2763 1044 2833 (vid.
1062 2765 1129 2817 inira
1149 2765 1210 2836 quid
1228 2764 1331 2837 proprie

262 2839 331 2892 tilius
349 2841 444 2905 Rulus,
462 2841 502 2892 vir
512 2841 628 2893 omnium
641 2861 704 2911 qnos
715 2840 771 2910 qui·
820 2841 966 2916 spoliarium
977 2841 1032 2909 sit).
1046 2841 1098 2894 Cic.
1110 2863 1155 2916 pro
1169 2843 1244 2894 Rosc.
1257 2845 1332 2894 Ame-

262 2919 321 2970 dem
340 2919 386 2970 ista
396 2932 454 2972 setas
472 2918 589 2991 protulit,
601 2919 771 2972 sanctissimus
820 2919 869 2972 rin.
890 2939 941 2992 cap.
962 2920 1008 2983 32,
1022 2917 1136 2972 eamdem
1156 2918 1333 2970 crudelitatem

262 2996 326 3062 tutu
341 3010 365 3049 et
375 3017 453 3068 quum
467 2997 499 3051 ob
511 2998 649 3050 multorum
661 2999 773 3051 inimici·
821 2997 900 3052 Sullae
912 2997 994 3070 tangit
1003 2996 1038 3049 sic
1047 3013 1053 3047 :
1062 3019 1075 3042 α
1086 2995 1182 3048 Multos
1191 3013 1268 3048 ctesos
1277 3013 1331 3046 non

263 3074 309 3127 tias
319 3095 382 3146 quos
394 3075 442 3128 sihi
457 3075 569 3129 inlunem
580 3076 723 3150 integritate
733 3079 772 3129 ef-
820 3075 853 3128 ad
864 3074 1041 3127 Trasimenum
1055 3073 1152 3134 lacum,
1166 3071 1209 3125 sed
1224 3071 1255 3124 ad
1272 3073 1333 3124 Ser·

262 3159 372 3222 lecerat,
392 3158 586 3232 repetundarum
599 3171 727 3211 accusatus
745 3157 772 3210 in
821 3153 912 3207 vilium
925 3153 1068 3206 vidimus.»
1082 3151 1122 3204 Cl.
1133 3153 1216 3203 Nostr.
1226 3151 1258 3204 dc
1276 3149 1333 3203 Cle·

262 3234 377 3287 exsilium
383 3255 502 3310 perquam
514 3237 604 3308 injuste
611 3237 772 3310 pnlsusesset,
822 3246 898 3285 ment.
908 3232 953 3284 lib.
965 3233 993 3296 l,
1007 3251 1060 3306 cap.
1075 3235 1111 3283 ια’.

261 3315 407 3388 Mitylenen
422 3338 448 3370 se
463 3317 580 3381 contulit;
594 3315 662 3370 unde
676 3336 771 3388 quum,
855 3329 876 3376 7.
889 3309 1090 3378 proscriptionis
1102 3305 1223 3360 Sullane
1233 3309 1335 3376 spolia-

262 3393 334 3465 Sylla
359 3395 387 3446 iu
409 3415 534 3448 summm
559 3415 643 3446 rerum
668 3407 771 3457 evecto,
821 3383 1335 3451 riumllurctusadlmnclocum,doctis·

261 3469 335 3522 amici
347 3471 519 3543 impetrassent
528 3493 586 3524 eum
592 3471 704 3524 revocari
713 3509 720 3535 ,
729 3469 772 3522 ille
821 3465 884 3519 sime
895 3503 901 3526 .
913 3477 939 3517 ut
948 3463 1011 3517 solet
1020 3463 1224 3516 :Panniculum
1233 3475 1293 3516 sunt
1303 3480 1335 3515 ea

261 3549 361 3614 uoluit,
374 3549 460 3603 dicens
473 3568 479 3603 :
491 3549 566 3601 malle
582 3569 608 3601 se
621 3549 705 3622 pigere
717 3547 772 3600 lto·
822 3563 878 3615 quae
888 3543 916 3595 in
926 3541 1065 3596 custodiam
1078 3555 1190 3613 receptus
1200 3559 1287 3591 secum
1299 3553 1336 3592 at-

260 3645 348 3678 msnos
370 3627 439 3697 quod
449 3628 565 3692 abesset,
588 3645 664 3699 quam
686 3623 772 3699 pigere
823 3623 903 3674 tulit:
927 3624 1013 3692 spolia
1036 3618 1127 3690 quibus
1150 3617 1254 3669 indutus
1279 3631 1334 3682 est,

260 3703 513 3774 quodrevcrterctur,
524 3725 619 3779 negans
626 3725 652 3756 se
659 3723 771 3772 unquam
821 3717 900 3780 quum
912 3697 943 3750 ad
955 3695 1107 3772 supplicium
1119 3695 1228 3748 ducitur.
1243 3695 1272 3745 l..
1285 3693 1337 3746 Di-

259 3781 345 3850 patrios
357 3781 451 3834 damno
462 3783 488 3833 in
501 3801 540 3833 res
548 3802 604 3834 suas
617 3781 772 3852 redintegra·
821 3795 866 3828 vus
881 3775 1052 3839 &Hadrianum
1078 3775 1177 3826 Deerat.
1202 3771 1234 3824 de
1257 3771 1338 3824 bonis

259 3871 312 3910 tum
324 3859 363 3911 iri.
820 3853 1007 3906 damnatorum.
1018 3851 1056 3904 Es
1072 3851 1165 3903 milites
1183 3849 1338 3924 plerumque

291 3935 315 4000 4.
323 3936 493 3989 Nomentum
508 3939 654 3989 retrocessit.
664 3935 770 4008 Vulgata
820 3933 887 3984 inter
899 3953 924 3984 sc
935 3929 1091 3983 dividebant.
1102 3929 1165 3980 lnde
1177 3929 1338 3996 spoliarium

258 4033 336 4086 eaque
355 4013 422 4066 bona
433 4013 526 4078 lectio,
542 4035 589 4068 nec
601 4013 769 4067 sollicitanda.
818 4010 888 4064 locus
896 4009 940 4063 nbi
947 4010 1014 4062 exsui
1021 4008 1142 4062 solebant.
1151 4009 1241 4060 Sencc.
1251 4005 1339 4078 Epist,

257 4091 318 4142 Non
333 4103 430 4143 tantum
443 4105 510 4144 retro
523 4091 609 4156 cessit,
622 4091 773 4162 quaesiturus
819 4089 867 4164 93,
880 4089 906 4142 in
919 4091 963 4142 lin.
977 4113 990 4136 a
1003 4087 1137 4160 Numquid
1150 4087 1261 4159 aliquem
1281 4097 1339 4137 tarn

256 4169 342 4220 locum
357 4169 474 4221 tutiorem
486 4208 493 4232 ,
505 4168 549 4221 sed
561 4169 664 4242 longius
679 4169 768 4240 lugite
819 4167 939 4240 cupidum
950 4185 1003 4220 esse
1017 4165 1075 4219 vitre
1087 4177 1158 4240 putas
1177 4177 1203 4216 ut
1220 4162 1339 4236 jugulari

255 4246 335 4312 loco,
359 4246 403 4300 ubi
422 4247 569 4314 exsulabat,
594 4247 620 4298 in
641 4245 771 4303 ulteriora.
818 4245 846 4297 in
866 4245 984 4321 spoliario
998 4263 1073 4315 quam
1086 4243 1113 4296 in
1127 4261 1202 4295 arena
1214 4239 1341 4294 malitu?
