2812 4898
505 437 678 508 CAPUT
703 441 762 506 lV.
1120 468 1163 534 ²9

106 565 211 649 scire,
230 581 394 657 quantum
412 564 575 637 adversus
597 583 829 660 paupertatem
850 566 911 634 tibi
933 569 1037 636 animi
1055 570 1119 650 sit,
1137 571 1165 636 si

58 681 62 688 '
105 675 227 747 divitiis
245 678 374 748 diffluis
388 683 403 749 t
418 678 511 749 unde
537 706 670 775 possum
691 683 801 763 scire,
823 697 986 774 quantum
1006 680 1166 751 adversus

106 793 320 886 ignominiam
344 812 379 862 et
404 797 575 866 infamiam
602 797 787 890 odiumque
808 798 993 891 populare¹
1013 815 1169 867 constan-

107 907 319 992 dehabens,
344 911 372 978 si
393 911 483 979 inter
499 911 637 1005 plausus
660 913 829 993 senescis,
852 912 880 978 si
901 926 935 979 te
956 913 1167 1008 inexpugna-

106 1023 199 1106 bilis,
219 1042 255 1092 et
272 1025 491 1096 inclinatione
508 1027 651 1120 quadam
671 1029 834 1095 mentium
852 1050 980 1120 pronus
1002 1028 1095 1098 favor
1113 1053 1168 1098 se·
1224 1016 1229 1028 ’

107 1141 246 1231 quitur?
260 1142 359 1212 Unde
377 1145 464 1227 scio,
484 1169 584 1237 quarn
601 1168 697 1236 aequo
711 1146 823 1212 animo
837 1145 965 1213 laturus
979 1147 1024 1214 sis
1040 1147 1168 1215 orbita-
1194 1155 1211 1207 6

108 1271 190 1338 tem,
207 1258 236 1325 si
249 1269 499 1352 ,quoscunque
513 1260 713 1342 sustulisti¹,
732 1257 854 1330 vides?
871 1259 994 1329 Audivi
1013 1277 1046 1330 te
1064 1287 1169 1356 quum

108 1373 191 1441 alios
207 1373 454 1443 consolareris:
471 1392 552 1443 tunc
569 1378 839 1470 conspexissem,
862 1380 890 1446 si
913 1393 945 1445 te
964 1380 1037 1472 ipse
1053 1404 1171 1448 conso-

107 1486 195 1556 latus
214 1513 323 1573 esses,
345 1491 373 1557 si
393 1505 425 1558 te
441 1490 515 1582 ipse
533 1488 648 1558 dolere
672 1493 848 1560 vetuisses.
876 1493 1005 1576 Nolite,
1031 1493 1170 1564 obsecro

105 1626 180 1686 vos,
204 1628 427 1696 expavescere
447 1607 528 1687 ista,
550 1629 625 1696 quae
641 1605 698 1674 Dii
716 1606 921 1674 immortales
938 1607 1032 1677 velut
1050 1611 1170 1678 stimu-

106 1713 154 1783 los
166 1715 351 1785 admovent
361 1715 503 1788 animis!
522 1719 701 1788 Calamitas
716 1721 851 1788 virtutis
867 1723 996 1789 occasio
1010 1739 1072 1791 est.
1092 1724 1171 1792 Illos

105 1833 227 1900 merito
244 1835 322 1925 quis
340 1832 464 1902 dixerit
484 1833 644 1917 miseros,
670 1835 729 1928 qui
751 1836 853 1904 nimia
880 1836 1039 1906 felicitate
1058 1853 1172 1932 torpe-

106 1960 226 2026 scunt,
251 1969 336 2037 quos
351 1945 499 2015 velutin
514 1949 600 2015 mari
618 1949 709 2018 lento
730 1950 955 2042 tranquillitas
972 1953 1065 2020 iners
1082 1947 1171 2020 deti-

106 2075 175 2127 net.
201 2057 383 2150 Quidquid
405 2059 472 2128 illis
494 2059 669 2142 inciderit,
690 2086 813 2130 novum
831 2065 966 2132 veniet:
988 2067 1096 2159 magis
1113 2092 1173 2136 ur·
1200 2110 1213 2129 .

108 2191 190 2267 gent
208 2198 296 2242 saeva
309 2176 502 2267 inexpertos
519 2204 528 2260 ι
546 2200 648 2269 grave
664 2191 716 2244 est
734 2171 881 2246 tenerae³
897 2180 1021 2247 cervici
1033 2182 1168 2276 jugum.

108 2291 161 2358 td
181 2292 411 2385 suspicionem
431 2292 582 2360 vulneris
605 2295 670 2361 tiro
687 2293 840 2386 pallescit
857 2321 865 2360 ι
885 2295 1060 2365 audaciter
1077 2316 1173 2367 vete-

11 2419 13 2496 }
109 2433 215 2476 ranus
236 2433 391 2477 cruorem
417 2433 514 2477 suum
538 2425 691 2501 spectat,
718 2411 777 2502 qui
799 2413 862 2478 scit
887 2437 923 2480 se
942 2417 1174 2507 saepe.vicisse

108 2541 185 2618 post
205 2526 418 2617 sanguinem.
446 2526 514 2590 Hos
538 2525 652 2615 itaque
671 2527 785 2606 Deus,
811 2550 896 2617 quos
918 2528 1064 2620 probat,
1091 2553 1176 2622 quos

109 2654 223 2721 amat,
243 2637 403 2719 indurat,
422 2639 650 2730 recognoscit,
668 2654 825 2726 exercet,
845 2664 903 2708 eos
920 2657 1034 2711 autem
1053 2644 1176 2736 quibus

111 2753 294 2848 indulgere
306 2753 462 2836 videtur,
479 2753 603 2845 quibus
613 2777 774 2846 parcere,
791 2756 907 2824 molles
918 2761 1071 2828 venturis
1081 2761 1177 2828 malis

113 2967 255 3052 ιἰιΙιΙΙίιιιιι
269 2965 330 3015 Non
347 2982 378 3014 eo
394 2974 505 3036 tempore
522 2980 572 3032 quo
587 2961 622 3012 si·
670 2963 743 3012 macl
757 2973 811 3013 etr
798 2983 851 3032 rmp
824 2964 943 3027 attestor<
961 2979 1026 3018 sunt.
1044 2966 1178 3040 Per-peram

115 3041 167 3093 lent
176 3055 262 3107 senta
275 3040 372 3092 allidet
388 3053 411 3091 et
427 3037 500 3092 inlidi
519 3038 621 3129 pellacia
671 3057 737 3090 saue

114 3117 221 3170 subdola
233 3117 333 3191 ponti,
334 3117 462 3176 sciveris,
473 3137 506 3170 an
519 3117 561 3170 ille
578 3118 622 3188 qui
706 3115 933 3187 Ιιιριιωιιιιιιιιιιι
950 3123 1088 3172 sustulisti.
1108 3118 1179 3187 Quos

115 3194 396 3285 gubernaculoassidet,
407 3193 622 3284 grrbpruatprvere
671 3191 1062 3248 liberosinlamiliamadmisisti
1072 3197 1180 3264 ‚tollens

115 3277 164 3326 sit·
158 3293 262 3344 ,neque
275 3273 303 3325 iu
314 3271 402 3324 umbra
414 3270 479 3344 pacis
492 3271 624 3341 quiesceu-
673 3288 701 3320 ex
712 3267 810 3322 humo:
805 3289 871 3341 :quo
887 3272 951 3325 lacto
968 3273 1099 3326 nuntiabat
1111 3287 1181 3347 pater

116 3365 166 3405 tem
177 3365 202 3404 ct
211 3351 243 3405 ab
255 3369 384 3403 armorum
394 3351 492 3422 l'ragors
500 3361 624 3401 remotum
672 3347 946 3420 placaresibiinlautsm
954 3349 1180 3424 inpenstibussuis,

116 3429 355 3519 ιιιᾶἰωιοιίιιειιι,
368 3447 402 3480 au
413 3424 625 3499 militaritrcipe·
672 3436 701 3476 ut
720 3443 803 3488 suum,
824 3425 867 3476 ali.
887 3426 966 3478 Porro
988 3441 1123 3500 opponitur
1133 3425 1182 3481 hos

116 3507 178 3560 ritus
196 3507 248 3560 sit:
261 3506 288 3558 in
306 3506 359 3558 acie
374 3504 480 3570 hunc,
472 3525 500 3557 tn
516 3503 624 3578 procella
673 3521 749 3554 sensu
757 3506 784 3554 ιδ
796 3505 883 3555 tollere
899 3508 930 3572 τῷ
952 3503 1060 3574 efferre,
1073 3504 1182 3575 quodds

116 3583 189 3638 illurn
204 3598 316 3658 expertus
329 3583 406 3635 noris
676 3579 828 3632 Libitinariis
837 3580 937 3668 proprie
946 3580 1037 3633 dicitur
1046 3594 1070 3632 ct
1079 3582 1110 3633 dc
1120 3583 1183 3634 San·

146 3683 168 3715 t.
176 3663 463 3731 Odiumquepopulort.
467 3659 623 3711 Nonodium
672 3656 800 3731 dapilariis
808 3677 853 3727 qur
845 3657 950 3708 lereuo
959 3671 1124 3731 compositum
1131 3678 1183 3710 cor

115 3741 221 3806 populi,
241 3739 286 3790 scd
305 3736 482 3810 popularium,
501 3759 575 3804 ουιιπι
578 3759 623 3788 σν
674 3751 720 3805 pus
728 3744 752 3783 et
761 3752 824 3804 rogo
837 3753 938 3805 jamjam
946 3734 1128 3806 imponendum
1139 3735 1185 3788 do·

115 3816 158 3866 'lm
167 3815 280 3888 gallice
291 3817 480 3882 compatriotas
494 3813 543 3864 Hic
555 3831 624 3863 cmm
675 3808 883 3873 mocllereltant;
904 3810 1041 3881 aliquando
1063 3825 1087 3864 et
1106 3813 1171 3865 de'’
1153 3829 1185 3864 us

117 3913 205 3946 seusus
221 3894 343 3946 usitatior.
358 3894 445 3946 Horat.
458 3892 501 3945 lib
517 3893 558 3958 ll,
574 3889 625 3942 od.
674 3887 803 3940 dicebatur
804 3901 1010 3959 ,quorumpatcr,
1015 3911 1086 3954 uxor,
1092 3888 1186 3944 velalii

122 3971 159 4034 13,
164 3991 203 4022 vs.
211 3976 256 4024 25:
266 3968 512 4022 «EtAEoliislidihus
522 3987 627 4038 queren-
676 3965 826 4040 propinqui,
840 3979 920 4018 morte
934 3967 1057 4040 absumpti
1069 3979 1148 4020 crant.

119 4061 169 4100 tem
183 4047 282 4136 Sappho
292 4047 383 4136 ppellis
394 4046 426 4097 dc
438 4045 627 4121 popularibusp»
710 4043 734 4094 3
746 4042 858 4096 Tenem.
866 4045 952 4097 Lectio
964 4045 1038 4097 codd
1047 4046 1184 4118 Miiserre,

119 4123 257 4178 ubincscio
277 4124 333 4194 quis
348 4121 450 4176 volebat
472 4123 503 4176 de
518 4122 557 4174 his
577 4141 629 4172 mn
680 4119 1017 4194 exquoLipsiuslecitser-oe,
1026 4122 1113 4190 idest,
1122 4142 1184 4174 non·
1224 4145 1228 4154 ·

117 4193 242 4254 lieri-uliti
247 4202 355 4274 llicagi,
366 4199 547 4272 quaeornuium
557 4217 632 4268 ,quae
683 4197 837 4248 dumcicuri.
