<?xml version="1.0" encoding="UTF-8"?>
<!DOCTYPE html PUBLIC "-//W3C//DTD XHTML 1.0 Transitional//EN"
    "http://www.w3.org/TR/xhtml1/DTD/xhtml1-transitional.dtd">
<html xmlns="http://www.w3.org/1999/xhtml" xml:lang="en" lang="en">
 <head>
  <title>
</title>
<meta http-equiv="Content-Type" content="text/html;charset=utf-8" />
  <meta name='ocr-system' content='tesseract 3.04.00' />
  <meta name='ocr-capabilities' content='ocr_page ocr_carea ocr_par ocr_line ocrx_word'/>
</head>
<body>
  <div class='ocr_page' id='page_1' title='image "bibliothecaclas101lemagoog_0027.png"; bbox 0 0 2812 4898; ppageno 0'>
   <div class='ocr_carea' id='block_1_1' title="bbox 535 409 1196 513">
    <p class='ocr_par' dir='ltr' id='par_1_1' title="bbox 535 409 1196 513">
     <span class='ocr_line' id='line_1_1' title="bbox 535 409 1196 513; baseline 0.012 -8"><span class='ocrx_word' id='word_1_1' title='bbox 535 431 708 506; x_wconf 71' lang='lat' dir='ltr'><strong>&#39;emur</strong></span> <span class='ocrx_word' id='word_1_2' title='bbox 734 440 785 505; x_wconf 89' lang='lat' dir='ltr'><strong>u.</strong></span> <span class='ocrx_word' id='word_1_3' title='bbox 1049 409 1058 418; x_wconf 76' lang='grc'><em>’</em></span> <span class='ocrx_word' id='word_1_4' title='bbox 1160 449 1196 513; x_wconf 67' lang='grc'><strong>,3</strong></span> 
     </span>
    </p>
   </div>
   <div class='ocr_carea' id='block_1_2' title="bbox 114 566 1240 1586">
    <p class='ocr_par' dir='ltr' id='par_1_2' title="bbox 114 566 1240 1586">
     <span class='ocr_line' id='line_1_2' title="bbox 123 566 1240 660; baseline 0.006 -24"><span class='ocrx_word' id='word_1_5' title='bbox 123 567 193 636; x_wconf 90' lang='lat' dir='ltr'><strong>lum</strong></span> <span class='ocrx_word' id='word_1_6' title='bbox 219 582 272 634; x_wconf 87' lang='lat' dir='ltr'><strong>cst</strong></span> <span class='ocrx_word' id='word_1_7' title='bbox 298 568 451 660; x_wconf 78' lang='lat' dir='ltr'><strong>gratius,</strong></span> <span class='ocrx_word' id='word_1_8' title='bbox 475 583 603 659; x_wconf 80' lang='lat' dir='ltr'><strong>quanto</strong></span> <span class='ocrx_word' id='word_1_9' title='bbox 630 566 666 634; x_wconf 90' lang='lat' dir='ltr'><strong>id</strong></span> <span class='ocrx_word' id='word_1_10' title='bbox 691 567 886 637; x_wconf 79' lang='lat' dir='ltr'><strong>honestior¹</strong></span> <span class='ocrx_word' id='word_1_11' title='bbox 915 570 1006 638; x_wconf 81' lang='lat' dir='ltr'><strong>lecit.</strong></span> <span class='ocrx_word' id='word_1_12' title='bbox 1028 575 1102 640; x_wconf 91' lang='lat' dir='ltr'><strong>Non</strong></span> <span class='ocrx_word' id='word_1_13' title='bbox 1120 591 1199 642; x_wconf 88' lang='lat' dir='ltr'><strong>sunt</strong></span> <span class='ocrx_word' id='word_1_14' title='bbox 1223 591 1240 642; x_wconf 81' lang='grc'><strong>6</strong></span> 
     </span>
     <span class='ocr_line' id='line_1_3' title="bbox 122 680 1200 772; baseline 0.011 -25"><span class='ocrx_word' id='word_1_15' title='bbox 122 683 187 750; x_wconf 81' lang='lat' dir='ltr'><strong>ista</strong></span> <span class='ocrx_word' id='word_1_16' title='bbox 202 731 212 764; x_wconf 88' lang='lat'>,</span> <span class='ocrx_word' id='word_1_17' title='bbox 229 699 306 770; x_wconf 82' lang='lat' dir='ltr'><strong>quae</strong></span> <span class='ocrx_word' id='word_1_18' title='bbox 320 695 461 772; x_wconf 84' lang='lat' dir='ltr'><strong>possunt</strong></span> <span class='ocrx_word' id='word_1_19' title='bbox 477 681 628 750; x_wconf 83' lang='lat' dir='ltr'>Deorum</span> <span class='ocrx_word' id='word_1_20' title='bbox 648 681 684 748; x_wconf 92' lang='lat' dir='ltr'><strong>in</strong></span> <span class='ocrx_word' id='word_1_21' title='bbox 702 704 738 748; x_wconf 84' lang='lat' dir='ltr'><strong>se</strong></span> <span class='ocrx_word' id='word_1_22' title='bbox 756 680 886 751; x_wconf 89' lang='lat' dir='ltr'><strong>vultum</strong></span> <span class='ocrx_word' id='word_1_23' title='bbox 901 699 1118 769; x_wconf 84' lang='lat' dir='ltr'><strong>convertere,</strong></span> <span class='ocrx_word' id='word_1_24' title='bbox 1139 686 1200 758; x_wconf 86' lang='lat' dir='ltr'><strong>sed</strong></span> 
     </span>
     <span class='ocr_line' id='line_1_4' title="bbox 122 795 1200 895; baseline 0.006 -31"><span class='ocrx_word' id='word_1_25' title='bbox 122 795 291 888; x_wconf 84' lang='lat' dir='ltr'><strong>puerilia,</strong></span> <span class='ocrx_word' id='word_1_26' title='bbox 314 810 350 863; x_wconf 88' lang='lat' dir='ltr'><strong>ct</strong></span> <span class='ocrx_word' id='word_1_27' title='bbox 362 797 520 864; x_wconf 84' lang='lat' dir='ltr'><strong>humanae</strong></span> <span class='ocrx_word' id='word_1_28' title='bbox 536 795 782 864; x_wconf 81' lang='lat' dir='ltr'><strong>oblectamenta</strong></span> <span class='ocrx_word' id='word_1_29' title='bbox 795 797 954 867; x_wconf 83' lang='lat' dir='ltr'><strong>levitatis.</strong></span> <span class='ocrx_word' id='word_1_30' title='bbox 971 802 1058 868; x_wconf 85' lang='lat' dir='ltr'><strong>Ecce</strong></span> <span class='ocrx_word' id='word_1_31' title='bbox 1071 817 1200 895; x_wconf 87' lang='lat' dir='ltr'><strong>specto·</strong></span> 
     </span>
     <span class='ocr_line' id='line_1_5' title="bbox 122 911 1198 1010; baseline 0.006 -28"><span class='ocrx_word' id='word_1_32' title='bbox 122 915 238 982; x_wconf 91' lang='lat' dir='ltr'><strong>culum</strong></span> <span class='ocrx_word' id='word_1_33' title='bbox 258 911 426 1006; x_wconf 80' lang='lat' dir='ltr'><strong>dignum,</strong></span> <span class='ocrx_word' id='word_1_34' title='bbox 455 912 499 982; x_wconf 82' lang='lat' dir='ltr'><strong>ad</strong></span> <span class='ocrx_word' id='word_1_35' title='bbox 528 913 621 1006; x_wconf 91' lang='lat' dir='ltr'><strong>quod</strong></span> <span class='ocrx_word' id='word_1_36' title='bbox 640 914 801 1006; x_wconf 76' lang='lat' dir='ltr'>respiciat</span> <span class='ocrx_word' id='word_1_37' title='bbox 819 915 971 985; x_wconf 86' lang='lat' dir='ltr'><strong>intentus</strong></span> <span class='ocrx_word' id='word_1_38' title='bbox 993 919 1090 1010; x_wconf 87' lang='lat' dir='ltr'><strong>operi</strong></span> <span class='ocrx_word' id='word_1_39' title='bbox 1110 923 1122 952; x_wconf 86' lang='lat'>²</span> <span class='ocrx_word' id='word_1_40' title='bbox 1138 943 1198 988; x_wconf 92' lang='lat' dir='ltr'><strong>suo</strong></span> 
     </span>
     <span class='ocr_line' id='line_1_6' title="bbox 121 1021 1198 1123; baseline 0.001 -23"><span class='ocrx_word' id='word_1_41' title='bbox 121 1033 217 1100; x_wconf 85' lang='lat' dir='ltr'><strong>Deus</strong></span> <span class='ocrx_word' id='word_1_42' title='bbox 236 1054 339 1098; x_wconf 86' lang='lat' dir='ltr'><strong>:ecce</strong></span> <span class='ocrx_word' id='word_1_43' title='bbox 358 1021 443 1123; x_wconf 76' lang='lat' dir='ltr'><strong>par³</strong></span> <span class='ocrx_word' id='word_1_44' title='bbox 460 1032 533 1100; x_wconf 83' lang='lat' dir='ltr'><strong>Deo</strong></span> <span class='ocrx_word' id='word_1_45' title='bbox 548 1028 715 1123; x_wconf 81' lang='lat' dir='ltr'><strong>dignum,</strong></span> <span class='ocrx_word' id='word_1_46' title='bbox 737 1030 791 1098; x_wconf 86' lang='lat' dir='ltr'><strong>vir</strong></span> <span class='ocrx_word' id='word_1_47' title='bbox 813 1030 909 1098; x_wconf 79' lang='lat' dir='ltr'><strong>tortis</strong></span> <span class='ocrx_word' id='word_1_48' title='bbox 927 1055 1004 1100; x_wconf 90' lang='lat' dir='ltr'><strong>cum</strong></span> <span class='ocrx_word' id='word_1_49' title='bbox 1021 1033 1109 1100; x_wconf 83' lang='lat' dir='ltr'><strong>mala</strong></span> <span class='ocrx_word' id='word_1_50' title='bbox 1128 1034 1198 1102; x_wconf 87' lang='lat' dir='ltr'><strong>sor·</strong></span> 
     </span>
     <span class='ocr_line' id='line_1_7' title="bbox 121 1137 1195 1237; baseline 0.005 -27"><span class='ocrx_word' id='word_1_51' title='bbox 121 1161 205 1212; x_wconf 86' lang='lat' dir='ltr'><strong>tuno</strong></span> <span class='ocrx_word' id='word_1_52' title='bbox 222 1137 468 1237; x_wconf 80' lang='lat' dir='ltr'><strong>compositus⁴,</strong></span> <span class='ocrx_word' id='word_1_53' title='bbox 490 1143 610 1235; x_wconf 87' lang='lat' dir='ltr'><strong>utiquc</strong></span> <span class='ocrx_word' id='word_1_54' title='bbox 631 1143 660 1210; x_wconf 87' lang='lat' dir='ltr'><strong>si</strong></span> <span class='ocrx_word' id='word_1_55' title='bbox 683 1157 718 1209; x_wconf 89' lang='lat' dir='ltr'><strong>ct</strong></span> <span class='ocrx_word' id='word_1_56' title='bbox 744 1143 950 1234; x_wconf 84' lang='lat' dir='ltr'><strong>provocavit.</strong></span> <span class='ocrx_word' id='word_1_57' title='bbox 978 1147 1055 1213; x_wconf 92' lang='lat' dir='ltr'><strong>Non</strong></span> <span class='ocrx_word' id='word_1_58' title='bbox 1074 1143 1195 1230; x_wconf 87' lang='lat' dir='ltr'><strong>video,</strong></span> 
     </span>
     <span class='ocr_line' id='line_1_8' title="bbox 119 1259 1199 1353; baseline 0.003 -25"><span class='ocrx_word' id='word_1_59' title='bbox 119 1263 283 1352; x_wconf 83' lang='lat' dir='ltr'><strong>inquam,</strong></span> <span class='ocrx_word' id='word_1_60' title='bbox 302 1259 388 1352; x_wconf 90' lang='lat' dir='ltr'><strong>quid</strong></span> <span class='ocrx_word' id='word_1_61' title='bbox 401 1260 526 1328; x_wconf 85' lang='lat' dir='ltr'><strong>habeat</strong></span> <span class='ocrx_word' id='word_1_62' title='bbox 544 1260 581 1326; x_wconf 91' lang='lat' dir='ltr'><strong>in</strong></span> <span class='ocrx_word' id='word_1_63' title='bbox 600 1259 702 1327; x_wconf 88' lang='lat' dir='ltr'><strong>terris</strong></span> <span class='ocrx_word' id='word_1_64' title='bbox 714 1259 848 1352; x_wconf 84' lang='lat' dir='ltr'><strong>Jupiter</strong></span> <span class='ocrx_word' id='word_1_65' title='bbox 860 1259 1060 1353; x_wconf 79' lang='lat' dir='ltr'><strong>pulchrius,</strong></span> <span class='ocrx_word' id='word_1_66' title='bbox 1076 1263 1105 1329; x_wconf 93' lang='lat' dir='ltr'><strong>si</strong></span> <span class='ocrx_word' id='word_1_67' title='bbox 1118 1285 1199 1332; x_wconf 91' lang='lat' dir='ltr'><strong>con-</strong></span> 
     </span>
     <span class='ocr_line' id='line_1_9' title="bbox 115 1369 1196 1472; baseline 0.002 -27"><span class='ocrx_word' id='word_1_68' title='bbox 115 1369 254 1446; x_wconf 78' lang='lat' dir='ltr'><strong>vortere</strong></span> <span class='ocrx_word' id='word_1_69' title='bbox 274 1377 427 1445; x_wconf 84' lang='lat' dir='ltr'><strong>animum</strong></span> <span class='ocrx_word' id='word_1_70' title='bbox 450 1376 555 1458; x_wconf 82' lang='lat' dir='ltr'><strong>volit,</strong></span> <span class='ocrx_word' id='word_1_71' title='bbox 578 1398 679 1467; x_wconf 82' lang='lat' dir='ltr'><strong>quam</strong></span> <span class='ocrx_word' id='word_1_72' title='bbox 700 1389 738 1442; x_wconf 89' lang='lat' dir='ltr'><strong>ut</strong></span> <span class='ocrx_word' id='word_1_73' title='bbox 760 1391 890 1468; x_wconf 81' lang='lat' dir='ltr'>spectet</span> <span class='ocrx_word' id='word_1_74' title='bbox 914 1375 1102 1463; x_wconf 86' lang='lat' dir='ltr'><strong>Catonem,</strong></span> <span class='ocrx_word' id='word_1_75' title='bbox 1125 1380 1196 1472; x_wconf 80' lang='lat' dir='ltr'><strong>jam</strong></span> 
     </span>
     <span class='ocr_line' id='line_1_10' title="bbox 114 1479 1197 1586; baseline 0.003 -26"><span class='ocrx_word' id='word_1_76' title='bbox 114 1479 294 1586; x_wconf 84' lang='lat' dir='ltr'><strong>partibus⁵</strong></span> <span class='ocrx_word' id='word_1_77' title='bbox 312 1514 385 1559; x_wconf 95' lang='lat' dir='ltr'><strong>non</strong></span> <span class='ocrx_word' id='word_1_78' title='bbox 401 1487 532 1558; x_wconf 77' lang='lat' dir='ltr'><strong>scmcl⁶</strong></span> <span class='ocrx_word' id='word_1_79' title='bbox 553 1490 692 1571; x_wconf 83' lang='lat' dir='ltr'><strong>fractis,</strong></span> <span class='ocrx_word' id='word_1_80' title='bbox 709 1504 854 1560; x_wconf 84' lang='lat' dir='ltr'><strong>stantem</strong></span> <span class='ocrx_word' id='word_1_81' title='bbox 867 1492 1090 1562; x_wconf 91' lang='lat' dir='ltr'><strong>nihilominus</strong></span> <span class='ocrx_word' id='word_1_82' title='bbox 1108 1496 1197 1564; x_wconf 89' lang='lat' dir='ltr'><strong>inter</strong></span> 
     </span>
    </p>
   </div>
   <div class='ocr_carea' id='block_1_3' title="bbox 114 1649 1198 4295">
    <p class='ocr_par' dir='ltr' id='par_1_3' title="bbox 114 1649 1198 4295">
     <span class='ocr_line' id='line_1_11' title="bbox 114 1649 1194 1726; baseline 0.001 -20"><span class='ocrx_word' id='word_1_83' title='bbox 114 1654 152 1706; x_wconf 86' lang='lat' dir='ltr'><strong>Et</strong></span> <span class='ocrx_word' id='word_1_84' title='bbox 161 1653 294 1706; x_wconf 81' lang='lat' dir='ltr'><strong>volucrem</strong></span> <span class='ocrx_word' id='word_1_85' title='bbox 308 1653 388 1726; x_wconf 76' lang='lat' dir='ltr'><strong>longo</strong></span> <span class='ocrx_word' id='word_1_86' title='bbox 401 1651 510 1726; x_wconf 81' lang='lat' dir='ltr'>porrexit</span> <span class='ocrx_word' id='word_1_87' title='bbox 526 1651 633 1704; x_wconf 73' lang='lat' dir='ltr'><strong>rulnme</strong></span> <span class='ocrx_word' id='word_1_88' title='bbox 683 1651 749 1722; x_wconf 88' lang='lat' dir='ltr'><strong>apud</strong></span> <span class='ocrx_word' id='word_1_89' title='bbox 759 1649 811 1704; x_wconf 85' lang='lat' dir='ltr'>Cic.</span> <span class='ocrx_word' id='word_1_90' title='bbox 822 1651 854 1704; x_wconf 88' lang='lat' dir='ltr'><strong>de</strong></span> <span class='ocrx_word' id='word_1_91' title='bbox 864 1653 945 1707; x_wconf 78' lang='lat' dir='ltr'><strong>Amic.</strong></span> <span class='ocrx_word' id='word_1_92' title='bbox 956 1656 1000 1717; x_wconf 81' lang='lat'><strong>15,</strong></span> <span class='ocrx_word' id='word_1_93' title='bbox 1013 1655 1067 1707; x_wconf 80' lang='lat' dir='ltr'><strong>sivo</strong></span> <span class='ocrx_word' id='word_1_94' title='bbox 1075 1655 1194 1709; x_wconf 86' lang='lat' dir='ltr'><strong>hostium.</strong></span> 
     </span>
     <span class='ocr_line' id='line_1_12' title="bbox 115 1727 1167 1806; baseline 0.004 -23"><span class='ocrx_word' id='word_1_95' title='bbox 115 1731 234 1806; x_wconf 86' lang='lat' dir='ltr'><strong>pardum.</strong></span> <span class='ocrx_word' id='word_1_96' title='bbox 246 1753 260 1778; x_wconf 71' lang='grc' dir='ltr'><strong><em>ι</em></strong></span> <span class='ocrx_word' id='word_1_97' title='bbox 274 1730 327 1783; x_wconf 78' lang='lat' dir='ltr'><strong>Adi</strong></span> <span class='ocrx_word' id='word_1_98' title='bbox 338 1750 416 1801; x_wconf 86' lang='lat' dir='ltr'><strong>quoq.</strong></span> <span class='ocrx_word' id='word_1_99' title='bbox 430 1727 553 1802; x_wconf 79' lang='lat' dir='ltr'><strong>cjusdlib.</strong></span> <span class='ocrx_word' id='word_1_100' title='bbox 565 1729 634 1802; x_wconf 86' lang='lat' dir='ltr'><strong>Epi·</strong></span> <span class='ocrx_word' id='word_1_101' title='bbox 682 1727 743 1780; x_wconf 85' lang='lat' dir='ltr'><strong>Por</strong></span> <span class='ocrx_word' id='word_1_102' title='bbox 749 1733 931 1798; x_wconf 69' lang='lat' dir='ltr'><strong>gladiatorum</strong></span> <span class='ocrx_word' id='word_1_103' title='bbox 942 1732 1036 1786; x_wconf 82' lang='lat' dir='ltr'><strong>centies</strong></span> <span class='ocrx_word' id='word_1_104' title='bbox 1049 1733 1167 1786; x_wconf 74' lang='lat' dir='ltr'><strong>occurrit</strong></span> 
     </span>
     <span class='ocr_line' id='line_1_13' title="bbox 116 1806 1194 1882; baseline 0.004 -22"><span class='ocrx_word' id='word_1_105' title='bbox 116 1829 226 1882; x_wconf 83' lang='lat' dir='ltr'><strong>gramm.</strong></span> <span class='ocrx_word' id='word_1_106' title='bbox 233 1824 304 1861; x_wconf 79' lang='lat' dir='ltr'><strong>xxm</strong></span> <span class='ocrx_word' id='word_1_107' title='bbox 312 1820 338 1860; x_wconf 87' lang='lat' dir='ltr'><strong>et</strong></span> <span class='ocrx_word' id='word_1_108' title='bbox 344 1823 437 1870; x_wconf 59' lang='lat' dir='ltr'><strong>xxvni</strong></span> <span class='ocrx_word' id='word_1_109' title='bbox 448 1819 489 1872; x_wconf 89' lang='lat' dir='ltr'><strong>et,</strong></span> <span class='ocrx_word' id='word_1_110' title='bbox 500 1806 570 1878; x_wconf 89' lang='lat' dir='ltr'><strong>qnod</strong></span> <span class='ocrx_word' id='word_1_111' title='bbox 579 1825 634 1858; x_wconf 81' lang='lat' dir='ltr'><strong>ma·</strong></span> <span class='ocrx_word' id='word_1_112' title='bbox 714 1808 740 1872; x_wconf 73' lang='lat'><strong>4.</strong></span> <span class='ocrx_word' id='word_1_113' title='bbox 756 1807 926 1875; x_wconf 62' lang='lat' dir='ltr'><strong>&amp;inpositus</strong></span> <span class='ocrx_word' id='word_1_114' title='bbox 939 1809 996 1862; x_wconf 82' lang='lat' dir='ltr'><strong>Hoc</strong></span> <span class='ocrx_word' id='word_1_115' title='bbox 1010 1823 1046 1862; x_wconf 81' lang='lat' dir='ltr'><strong>est</strong></span> <span class='ocrx_word' id='word_1_116' title='bbox 1053 1849 1061 1878; x_wconf 89' lang='lat'>,</span> <span class='ocrx_word' id='word_1_117' title='bbox 1078 1811 1194 1879; x_wconf 75' lang='lat' dir='ltr'><strong>luctans,</strong></span> 
     </span>
     <span class='ocr_line' id='line_1_14' title="bbox 116 1882 1197 1962; baseline 0.002 -23"><span class='ocrx_word' id='word_1_118' title='bbox 116 1888 157 1962; x_wconf 78' lang='lat' dir='ltr'><strong>gis</strong></span> <span class='ocrx_word' id='word_1_119' title='bbox 170 1887 292 1939; x_wconf 83' lang='lat' dir='ltr'><strong>attonitus</strong></span> <span class='ocrx_word' id='word_1_120' title='bbox 308 1885 377 1958; x_wconf 78' lang='lat' dir='ltr'><strong>leges</strong></span> <span class='ocrx_word' id='word_1_121' title='bbox 385 1925 392 1950; x_wconf 91' lang='lat'><em>,</em></span> <span class='ocrx_word' id='word_1_122' title='bbox 412 1884 499 1956; x_wconf 77' lang='lat' dir='ltr'><strong>Epigr.</strong></span> <span class='ocrx_word' id='word_1_123' title='bbox 514 1899 564 1947; x_wconf 83' lang='lat' dir='ltr'><strong>vt,</strong></span> <span class='ocrx_word' id='word_1_124' title='bbox 582 1903 633 1955; x_wconf 88' lang='lat' dir='ltr'><strong>quo</strong></span> <span class='ocrx_word' id='word_1_125' title='bbox 683 1882 736 1936; x_wconf 81' lang='lat' dir='ltr'><strong>sive</strong></span> <span class='ocrx_word' id='word_1_126' title='bbox 747 1883 891 1938; x_wconf 73' lang='lat' dir='ltr'><strong>locuturus.</strong></span> <span class='ocrx_word' id='word_1_127' title='bbox 904 1886 1029 1959; x_wconf 82' lang='lat' dir='ltr'><strong>Perpetuo</strong></span> <span class='ocrx_word' id='word_1_128' title='bbox 1037 1887 1076 1940; x_wconf 84' lang='lat' dir='ltr'><strong>his</strong></span> <span class='ocrx_word' id='word_1_129' title='bbox 1084 1887 1197 1943; x_wconf 81' lang='lat' dir='ltr'><strong>voeabu-</strong></span> 
     </span>
     <span class='ocr_line' id='line_1_15' title="bbox 118 1959 1195 2036; baseline 0.002 -18"><span class='ocrx_word' id='word_1_130' title='bbox 118 1978 237 2018; x_wconf 81' lang='lat' dir='ltr'><strong>narratur</strong></span> <span class='ocrx_word' id='word_1_131' title='bbox 259 1964 366 2018; x_wconf 81' lang='lat' dir='ltr'><strong>ioeroina</strong></span> <span class='ocrx_word' id='word_1_132' title='bbox 392 1962 420 2016; x_wconf 92' lang='lat' dir='ltr'><strong>in</strong></span> <span class='ocrx_word' id='word_1_133' title='bbox 450 1962 633 2036; x_wconf 84' lang='lat' dir='ltr'><strong>amphitheatro</strong></span> <span class='ocrx_word' id='word_1_134' title='bbox 684 1959 716 2012; x_wconf 83' lang='lat' dir='ltr'><strong>lia</strong></span> <span class='ocrx_word' id='word_1_135' title='bbox 727 1967 1195 2034; x_wconf 79' lang='lat' dir='ltr'><strong>utunturcomnu&#39;ttereetcomponm‚</strong></span> 
     </span>
     <span class='ocr_line' id='line_1_16' title="bbox 119 2039 1197 2108; baseline 0 -12"><span class='ocrx_word' id='word_1_136' title='bbox 119 2064 180 2096; x_wconf 84' lang='lat' dir='ltr'><strong>cum</strong></span> <span class='ocrx_word' id='word_1_137' title='bbox 192 2043 267 2096; x_wconf 80' lang='lat' dir='ltr'><strong>leone</strong></span> <span class='ocrx_word' id='word_1_138' title='bbox 281 2041 453 2094; x_wconf 76' lang='lat' dir='ltr'>decertavisse.</span> <span class='ocrx_word' id='word_1_139' title='bbox 686 2059 765 2108; x_wconf 88' lang='lat' dir='ltr'><strong>quum</strong></span> <span class='ocrx_word' id='word_1_140' title='bbox 788 2039 819 2090; x_wconf 82' lang='lat' dir='ltr'><strong>de</strong></span> <span class='ocrx_word' id='word_1_141' title='bbox 839 2039 988 2094; x_wconf 78' lang='lat' dir='ltr'><strong>adversariis</strong></span> <span class='ocrx_word' id='word_1_142' title='bbox 1007 2040 1118 2096; x_wconf 89' lang='lat' dir='ltr'><strong>locuturi</strong></span> <span class='ocrx_word' id='word_1_143' title='bbox 1138 2056 1197 2096; x_wconf 86' lang='lat' dir='ltr'><strong>sunt</strong></span> 
     </span>
     <span class='ocr_line' id='line_1_17' title="bbox 161 2115 1197 2194; baseline 0.004 -23"><span class='ocrx_word' id='word_1_144' title='bbox 161 2140 181 2171; x_wconf 89' lang='grc' dir='ltr'><strong>ι.</strong></span> <span class='ocrx_word' id='word_1_145' title='bbox 202 2118 354 2172; x_wconf 73' lang='lat' dir='ltr'><strong>Honestior·</strong></span> <span class='ocrx_word' id='word_1_146' title='bbox 372 2119 503 2171; x_wconf 84' lang='lat' dir='ltr'><strong>Honestus</strong></span> <span class='ocrx_word' id='word_1_147' title='bbox 520 2116 588 2169; x_wconf 89' lang='lat' dir='ltr'><strong>idem</strong></span> <span class='ocrx_word' id='word_1_148' title='bbox 600 2131 636 2170; x_wconf 87' lang='lat' dir='ltr'><strong>est</strong></span> <span class='ocrx_word' id='word_1_149' title='bbox 685 2136 795 2186; x_wconf 90' lang='lat' dir='ltr'><strong>qnorum</strong></span> <span class='ocrx_word' id='word_1_150' title='bbox 815 2115 894 2169; x_wconf 88' lang='lat' dir='ltr'><strong>alium</strong></span> <span class='ocrx_word' id='word_1_151' title='bbox 916 2118 981 2171; x_wconf 79' lang='lat' dir='ltr'><strong>clins</strong></span> <span class='ocrx_word' id='word_1_152' title='bbox 1004 2119 1197 2194; x_wconf 74' lang='lat' dir='ltr'><strong>impugnaturus</strong></span> 
     </span>
     <span class='ocr_line' id='line_1_18' title="bbox 121 2193 1197 2271; baseline 0.006 -23"><span class='ocrx_word' id='word_1_153' title='bbox 121 2216 151 2248; x_wconf 79' lang='lat' dir='ltr'><strong>st</strong></span> <span class='ocrx_word' id='word_1_154' title='bbox 162 2201 281 2264; x_wconf 72' lang='lat' dir='ltr'><strong>ingmaro,</strong></span> <span class='ocrx_word' id='word_1_155' title='bbox 289 2198 372 2247; x_wconf 79' lang='grc' dir='ltr'><strong>ιἠιιιιο</strong></span> <span class='ocrx_word' id='word_1_156' title='bbox 382 2195 481 2246; x_wconf 72' lang='lat' dir='ltr'><strong>illustri</strong></span> <span class='ocrx_word' id='word_1_157' title='bbox 486 2197 540 2246; x_wconf 82' lang='lat' dir='ltr'><strong>Ioco</strong></span> <span class='ocrx_word' id='word_1_158' title='bbox 551 2205 637 2248; x_wconf 84' lang='lat' dir='ltr'><strong>notus.</strong></span> <span class='ocrx_word' id='word_1_159' title='bbox 687 2205 731 2247; x_wconf 85' lang='lat' dir='ltr'><strong>cst.</strong></span> <span class='ocrx_word' id='word_1_160' title='bbox 753 2193 896 2246; x_wconf 78' lang='lat' dir='ltr'><strong>Pausillum</strong></span> <span class='ocrx_word' id='word_1_161' title='bbox 918 2208 1003 2248; x_wconf 84' lang='lat' dir='ltr'><strong>tamen</strong></span> <span class='ocrx_word' id='word_1_162' title='bbox 1024 2197 1197 2271; x_wconf 64' lang='lat' dir='ltr'><strong>discrepantia</strong></span> 
     </span>
     <span class='ocr_line' id='line_1_19' title="bbox 122 2269 1197 2349; baseline 0.006 -24"><span class='ocrx_word' id='word_1_163' title='bbox 122 2273 225 2326; x_wconf 76' lang='lat' dir='ltr'><strong>Gallice</strong></span> <span class='ocrx_word' id='word_1_164' title='bbox 238 2292 286 2324; x_wconf 80' lang='lat' dir='ltr'><strong>nos</strong></span> <span class='ocrx_word' id='word_1_165' title='bbox 295 2270 434 2340; x_wconf 79' lang='lat' dir='ltr'><strong>aliquando</strong></span> <span class='ocrx_word' id='word_1_166' title='bbox 443 2269 559 2322; x_wconf 84' lang='lat' dir='ltr'><strong>similiter</strong></span> <span class='ocrx_word' id='word_1_167' title='bbox 572 2271 637 2322; x_wconf 85' lang='lat' dir='ltr'><strong>dixi·</strong></span> <span class='ocrx_word' id='word_1_168' title='bbox 687 2270 804 2339; x_wconf 83' lang='lat' dir='ltr'><strong>interest,</strong></span> <span class='ocrx_word' id='word_1_169' title='bbox 815 2291 906 2347; x_wconf 85' lang='lat' dir='ltr'>nempe</span> <span class='ocrx_word' id='word_1_170' title='bbox 917 2293 972 2326; x_wconf 94' lang='lat' dir='ltr'><strong>non</strong></span> <span class='ocrx_word' id='word_1_171' title='bbox 982 2274 1069 2328; x_wconf 81' lang='lat' dir='ltr'><strong>habito</strong></span> <span class='ocrx_word' id='word_1_172' title='bbox 1081 2278 1197 2349; x_wconf 69' lang='lat' dir='ltr'><strong>prolian-</strong></span> 
     </span>
     <span class='ocr_line' id='line_1_20' title="bbox 120 2347 1197 2428; baseline 0.006 -23"><span class='ocrx_word' id='word_1_173' title='bbox 120 2371 180 2404; x_wconf 87' lang='lat' dir='ltr'><strong>mus</strong></span> <span class='ocrx_word' id='word_1_174' title='bbox 194 2350 295 2404; x_wconf 80' lang='lat' dir='ltr'><strong>nobiles</strong></span> <span class='ocrx_word' id='word_1_175' title='bbox 308 2349 376 2401; x_wconf 77' lang='lat' dir='ltr'><strong>viros</strong></span> <span class='ocrx_word' id='word_1_176' title='bbox 388 2351 426 2401; x_wconf 84' lang='lat' dir='ltr'><strong>les</strong></span> <span class='ocrx_word' id='word_1_177' title='bbox 438 2347 635 2417; x_wconf 62' lang='lat' dir='ltr'><strong>homrctesgens.</strong></span> <span class='ocrx_word' id='word_1_178' title='bbox 688 2349 750 2401; x_wconf 83' lang='lat' dir='ltr'><strong>tium</strong></span> <span class='ocrx_word' id='word_1_179' title='bbox 767 2371 873 2404; x_wconf 86' lang='lat' dir='ltr'><strong>numero</strong></span> <span class='ocrx_word' id='word_1_180' title='bbox 889 2358 1017 2408; x_wconf 77' lang='lat' dir='ltr'><strong>committi</strong></span> <span class='ocrx_word' id='word_1_181' title='bbox 1029 2377 1099 2428; x_wconf 90' lang='lat' dir='ltr'><strong>posse</strong></span> <span class='ocrx_word' id='word_1_182' title='bbox 1117 2377 1197 2411; x_wconf 88' lang='lat' dir='ltr'><strong>unum</strong></span> 
     </span>
     <span class='ocr_line' id='line_1_21' title="bbox 122 2423 1198 2500; baseline 0.008 -18"><span class='ocrx_word' id='word_1_183' title='bbox 122 2429 204 2499; x_wconf 81' lang='lat' dir='ltr'><strong>Quod</strong></span> <span class='ocrx_word' id='word_1_184' title='bbox 215 2428 249 2481; x_wconf 82' lang='lat' dir='ltr'><strong>ad</strong></span> <span class='ocrx_word' id='word_1_185' title='bbox 262 2446 365 2480; x_wconf 83' lang='lat' dir='ltr'><strong>sensum</strong></span> <span class='ocrx_word' id='word_1_186' title='bbox 382 2423 504 2498; x_wconf 74' lang='lat' dir='ltr'><strong>pertinet,</strong></span> <span class='ocrx_word' id='word_1_187' title='bbox 518 2425 557 2476; x_wconf 91' lang='lat' dir='ltr'><strong>nil</strong></span> <span class='ocrx_word' id='word_1_188' title='bbox 570 2444 637 2477; x_wconf 86' lang='lat' dir='ltr'><strong>con·</strong></span> <span class='ocrx_word' id='word_1_189' title='bbox 686 2445 743 2478; x_wconf 82' lang='lat' dir='ltr'><strong>cum</strong></span> <span class='ocrx_word' id='word_1_190' title='bbox 755 2427 854 2482; x_wconf 82' lang='lat' dir='ltr'><strong>dnobus</strong></span> <span class='ocrx_word' id='word_1_191' title='bbox 866 2469 873 2496; x_wconf 93' lang='lat'>,</span> <span class='ocrx_word' id='word_1_192' title='bbox 885 2450 942 2482; x_wconf 82' lang='lat' dir='ltr'><strong>tum</strong></span> <span class='ocrx_word' id='word_1_193' title='bbox 955 2432 1050 2500; x_wconf 85' lang='lat' dir='ltr'><strong>tribus,</strong></span> <span class='ocrx_word' id='word_1_194' title='bbox 1063 2455 1121 2488; x_wconf 85' lang='lat' dir='ltr'><strong>cum</strong></span> <span class='ocrx_word' id='word_1_195' title='bbox 1132 2437 1198 2491; x_wconf 88' lang='lat' dir='ltr'><strong>mul-</strong></span> 
     </span>
     <span class='ocr_line' id='line_1_22' title="bbox 119 2501 1196 2586; baseline 0.008 -26"><span class='ocrx_word' id='word_1_196' title='bbox 119 2511 253 2578; x_wconf 77' lang='lat' dir='ltr'><strong>ingosum</strong></span> <span class='ocrx_word' id='word_1_197' title='bbox 272 2517 316 2557; x_wconf 86' lang='lat' dir='ltr'><strong>est.</strong></span> <span class='ocrx_word' id='word_1_198' title='bbox 330 2502 433 2556; x_wconf 87' lang='lat' dir='ltr'><strong>Etenim</strong></span> <span class='ocrx_word' id='word_1_199' title='bbox 450 2501 578 2554; x_wconf 76' lang='lat' dir='ltr'><strong>istcolim</strong></span> <span class='ocrx_word' id='word_1_200' title='bbox 590 2503 636 2555; x_wconf 88' lang='lat' dir='ltr'><strong>snb</strong></span> <span class='ocrx_word' id='word_1_201' title='bbox 685 2505 789 2572; x_wconf 82' lang='lat' dir='ltr'><strong>tis,scd</strong></span> <span class='ocrx_word' id='word_1_202' title='bbox 799 2513 920 2577; x_wconf 82' lang='lat' dir='ltr'><strong>componi</strong></span> <span class='ocrx_word' id='word_1_203' title='bbox 935 2530 1033 2586; x_wconf 79' lang='lat' dir='ltr'><strong>comper</strong></span> <span class='ocrx_word' id='word_1_204' title='bbox 1045 2533 1126 2567; x_wconf 89' lang='lat' dir='ltr'><strong>unum</strong></span> <span class='ocrx_word' id='word_1_205' title='bbox 1137 2537 1196 2569; x_wconf 90' lang='lat' dir='ltr'><strong>cum</strong></span> 
     </span>
     <span class='ocr_line' id='line_1_23' title="bbox 118 2579 1195 2661; baseline 0.009 -25"><span class='ocrx_word' id='word_1_206' title='bbox 118 2581 279 2656; x_wconf 86' lang='lat' dir='ltr'><strong>principibus</strong></span> <span class='ocrx_word' id='word_1_207' title='bbox 291 2581 401 2634; x_wconf 82' lang='lat' dir='ltr'><strong>involuit</strong></span> <span class='ocrx_word' id='word_1_208' title='bbox 412 2599 484 2656; x_wconf 80' lang='lat' dir='ltr'><strong>mps,</strong></span> <span class='ocrx_word' id='word_1_209' title='bbox 498 2591 527 2632; x_wconf 88' lang='lat' dir='ltr'><strong>ut</strong></span> <span class='ocrx_word' id='word_1_210' title='bbox 539 2579 634 2651; x_wconf 87' lang='lat' dir='ltr'><strong>equites</strong></span> <span class='ocrx_word' id='word_1_211' title='bbox 684 2604 737 2637; x_wconf 91' lang='lat' dir='ltr'><strong>uno</strong></span> <span class='ocrx_word' id='word_1_212' title='bbox 747 2625 753 2650; x_wconf 91' lang='lat'>,</span> <span class='ocrx_word' id='word_1_213' title='bbox 764 2585 828 2639; x_wconf 85' lang='lat' dir='ltr'><strong>duos</strong></span> <span class='ocrx_word' id='word_1_214' title='bbox 838 2607 896 2639; x_wconf 87' lang='lat' dir='ltr'><strong>cum</strong></span> <span class='ocrx_word' id='word_1_215' title='bbox 915 2587 1029 2658; x_wconf 86' lang='lat' dir='ltr'><strong>duobus,</strong></span> <span class='ocrx_word' id='word_1_216' title='bbox 1047 2605 1094 2644; x_wconf 87' lang='lat' dir='ltr'><strong>etc.</strong></span> <span class='ocrx_word' id='word_1_217' title='bbox 1116 2593 1195 2661; x_wconf 86' lang='lat' dir='ltr'><strong>Quod</strong></span> 
     </span>
     <span class='ocr_line' id='line_1_24' title="bbox 119 2657 1197 2741; baseline 0.012 -29"><span class='ocrx_word' id='word_1_218' title='bbox 119 2675 195 2734; x_wconf 81' lang='lat' dir='ltr'><strong>atquc</strong></span> <span class='ocrx_word' id='word_1_219' title='bbox 213 2671 339 2712; x_wconf 79' lang='lat' dir='ltr'><strong>senatores</strong></span> <span class='ocrx_word' id='word_1_220' title='bbox 353 2700 360 2727; x_wconf 84' lang='lat'>‚</span> <span class='ocrx_word' id='word_1_221' title='bbox 382 2657 456 2712; x_wconf 88' lang='lat' dir='ltr'><strong>obliti</strong></span> <span class='ocrx_word' id='word_1_222' title='bbox 478 2657 537 2724; x_wconf 85' lang='lat' dir='ltr'><strong>sni,</strong></span> <span class='ocrx_word' id='word_1_223' title='bbox 560 2677 635 2709; x_wconf 91' lang='lat' dir='ltr'><strong>com·</strong></span> <span class='ocrx_word' id='word_1_224' title='bbox 684 2682 744 2715; x_wconf 84' lang='lat' dir='ltr'><strong>mox</strong></span> <span class='ocrx_word' id='word_1_225' title='bbox 754 2664 876 2728; x_wconf 86' lang='lat' dir='ltr'><strong>occurrit,</strong></span> <span class='ocrx_word' id='word_1_226' title='bbox 894 2667 921 2718; x_wconf 69' lang='grc' dir='ltr'><strong>τὶ</strong></span> <span class='ocrx_word' id='word_1_227' title='bbox 934 2671 1024 2737; x_wconf 80' lang='lat' dir='ltr'><strong>utique</strong></span> <span class='ocrx_word' id='word_1_228' title='bbox 1033 2680 1059 2721; x_wconf 84' lang='lat' dir='ltr'><strong>et</strong></span> <span class='ocrx_word' id='word_1_229' title='bbox 1069 2673 1093 2722; x_wconf 86' lang='lat' dir='ltr'><strong>si</strong></span> <span class='ocrx_word' id='word_1_230' title='bbox 1102 2691 1197 2741; x_wconf 79' lang='lat' dir='ltr'><strong>prouu-</strong></span> 
     </span>
     <span class='ocr_line' id='line_1_25' title="bbox 119 2733 1195 2822; baseline 0.017 -37"><span class='ocrx_word' id='word_1_231' title='bbox 119 2751 276 2812; x_wconf 72' lang='lat' dir='ltr'><strong>ponsrentnr</strong></span> <span class='ocrx_word' id='word_1_232' title='bbox 289 2755 348 2789; x_wconf 86' lang='lat' dir='ltr'><strong>cnm</strong></span> <span class='ocrx_word' id='word_1_233' title='bbox 362 2733 551 2808; x_wconf 69' lang='lat' dir='ltr'><strong>gladiatoribus·</strong></span> <span class='ocrx_word' id='word_1_234' title='bbox 568 2733 634 2786; x_wconf 68' lang='lat' dir='ltr'><strong>Vide</strong></span> <span class='ocrx_word' id='word_1_235' title='bbox 683 2745 791 2809; x_wconf 73' lang='lat' dir='ltr'><strong>muttit,</strong></span> <span class='ocrx_word' id='word_1_236' title='bbox 803 2764 832 2796; x_wconf 85' lang='lat' dir='ltr'><strong>eo</strong></span> <span class='ocrx_word' id='word_1_237' title='bbox 844 2763 920 2798; x_wconf 85' lang='lat' dir='ltr'><strong>seusu</strong></span> <span class='ocrx_word' id='word_1_238' title='bbox 928 2744 1124 2822; x_wconf 77' lang='lat' dir='ltr'><strong>intelligendum</strong></span> <span class='ocrx_word' id='word_1_239' title='bbox 1133 2751 1195 2804; x_wconf 87' lang='lat' dir='ltr'><strong>scito</strong></span> 
     </span>
     <span class='ocr_line' id='line_1_26' title="bbox 118 2811 1194 2894; baseline 0.014 -27"><span class='ocrx_word' id='word_1_240' title='bbox 118 2817 203 2889; x_wconf 84' lang='lat' dir='ltr'><strong>ipsum</strong></span> <span class='ocrx_word' id='word_1_241' title='bbox 212 2815 302 2867; x_wconf 84' lang='lat' dir='ltr'>Senec.</span> <span class='ocrx_word' id='word_1_242' title='bbox 315 2813 394 2887; x_wconf 85' lang='lat' dir='ltr'><strong>Epist.</strong></span> <span class='ocrx_word' id='word_1_243' title='bbox 403 2827 450 2867; x_wconf 78' lang='lat' dir='ltr'><strong>cvl</strong></span> <span class='ocrx_word' id='word_1_244' title='bbox 461 2851 469 2878; x_wconf 86' lang='lat'>‚</span> <span class='ocrx_word' id='word_1_245' title='bbox 481 2811 526 2865; x_wconf 82' lang='lat' dir='ltr'><strong>nbi</strong></span> <span class='ocrx_word' id='word_1_246' title='bbox 539 2829 545 2864; x_wconf 87' lang='lat'>:</span> <span class='ocrx_word' id='word_1_247' title='bbox 557 2833 571 2859; x_wconf 74' lang='grc' dir='ltr'><strong>σι</strong></span> <span class='ocrx_word' id='word_1_248' title='bbox 579 2811 634 2863; x_wconf 77' lang='lat' dir='ltr'><strong>Ad·</strong></span> <span class='ocrx_word' id='word_1_249' title='bbox 683 2839 733 2889; x_wconf 87' lang='lat' dir='ltr'><strong>quo</strong></span> <span class='ocrx_word' id='word_1_250' title='bbox 741 2819 918 2894; x_wconf 80' lang='lat' dir='ltr'><strong>siseripsisset‚</strong></span> <span class='ocrx_word' id='word_1_251' title='bbox 930 2836 1014 2879; x_wconf 74' lang='lat' dir='ltr'><strong>outre</strong></span> <span class='ocrx_word' id='word_1_252' title='bbox 1022 2847 1080 2879; x_wconf 85' lang='lat' dir='ltr'><strong>cum</strong></span> <span class='ocrx_word' id='word_1_253' title='bbox 1088 2847 1121 2881; x_wconf 84' lang='lat' dir='ltr'><strong>eo</strong></span> <span class='ocrx_word' id='word_1_254' title='bbox 1129 2847 1194 2882; x_wconf 87' lang='lat' dir='ltr'><strong>com·</strong></span> 
     </span>
     <span class='ocr_line' id='line_1_27' title="bbox 119 2887 1196 2974; baseline 0.013 -29"><span class='ocrx_word' id='word_1_255' title='bbox 119 2894 188 2966; x_wconf 80' lang='lat' dir='ltr'><strong>spice</strong></span> <span class='ocrx_word' id='word_1_256' title='bbox 210 2893 269 2945; x_wconf 85' lang='lat' dir='ltr'><strong>illos</strong></span> <span class='ocrx_word' id='word_1_257' title='bbox 287 2892 407 2962; x_wconf 76' lang='lat' dir='ltr'><strong>juvenes,</strong></span> <span class='ocrx_word' id='word_1_258' title='bbox 428 2908 491 2962; x_wconf 73' lang='lat' dir='ltr'><strong>qnos</strong></span> <span class='ocrx_word' id='word_1_259' title='bbox 510 2911 539 2942; x_wconf 82' lang='lat' dir='ltr'><strong>ex</strong></span> <span class='ocrx_word' id='word_1_260' title='bbox 558 2887 634 2941; x_wconf 76' lang='lat' dir='ltr'><strong>nobi·</strong></span> <span class='ocrx_word' id='word_1_261' title='bbox 679 2914 786 2962; x_wconf 82' lang='lat' dir='ltr'><strong>ponens.</strong></span> <span class='ocrx_word' id='word_1_262' title='bbox 802 2899 920 2971; x_wconf 82' lang='lat' dir='ltr'>Namque</span> <span class='ocrx_word' id='word_1_263' title='bbox 936 2901 1025 2974; x_wconf 78' lang='lat' dir='ltr'><strong>stepins</strong></span> <span class='ocrx_word' id='word_1_264' title='bbox 1037 2904 1141 2974; x_wconf 89' lang='lat' dir='ltr'><strong>quidem</strong></span> <span class='ocrx_word' id='word_1_265' title='bbox 1156 2907 1196 2959; x_wconf 83' lang='lat' dir='ltr'><strong>vir</strong></span> 
     </span>
     <span class='ocr_line' id='line_1_28' title="bbox 120 2967 1195 3052; baseline 0.014 -30"><span class='ocrx_word' id='word_1_266' title='bbox 120 2971 223 3024; x_wconf 83' lang='lat' dir='ltr'><strong>lissimis</strong></span> <span class='ocrx_word' id='word_1_267' title='bbox 240 2968 359 3023; x_wconf 83' lang='lat' dir='ltr'><strong>domibus</strong></span> <span class='ocrx_word' id='word_1_268' title='bbox 372 2968 401 3020; x_wconf 88' lang='lat' dir='ltr'><strong>in</strong></span> <span class='ocrx_word' id='word_1_269' title='bbox 417 2987 519 3020; x_wconf 79' lang='lat' dir='ltr'><strong>aronam</strong></span> <span class='ocrx_word' id='word_1_270' title='bbox 536 2967 633 3020; x_wconf 72' lang='lat' dir='ltr'><strong>luxurio</strong></span> <span class='ocrx_word' id='word_1_271' title='bbox 682 2973 753 3026; x_wconf 77' lang='lat' dir='ltr'><strong>fortis</strong></span> <span class='ocrx_word' id='word_1_272' title='bbox 763 2993 776 3025; x_wconf 80' lang='lat' dir='ltr'><strong>s</strong></span> <span class='ocrx_word' id='word_1_273' title='bbox 786 2976 887 3030; x_wconf 80' lang='lat' dir='ltr'><strong>fortuna</strong></span> <span class='ocrx_word' id='word_1_274' title='bbox 896 2978 1041 3052; x_wconf 83' lang='lat' dir='ltr'><strong>impetitur,</strong></span> <span class='ocrx_word' id='word_1_275' title='bbox 1051 2981 1195 3050; x_wconf 61' lang='lat' dir='ltr'><strong>lacessitum</strong></span> 
     </span>
     <span class='ocr_line' id='line_1_29' title="bbox 121 3048 1194 3134; baseline 0.011 -32"><span class='ocrx_word' id='word_1_276' title='bbox 121 3051 258 3122; x_wconf 76' lang='lat' dir='ltr'><strong>conjecit.»</strong></span> <span class='ocrx_word' id='word_1_277' title='bbox 269 3051 333 3102; x_wconf 86' lang='lat' dir='ltr'><strong>ltcm</strong></span> <span class='ocrx_word' id='word_1_278' title='bbox 343 3050 438 3119; x_wconf 68' lang='lat' dir='ltr'><strong>Queat.</strong></span> <span class='ocrx_word' id='word_1_279' title='bbox 447 3051 506 3102; x_wconf 84' lang='lat' dir='ltr'><strong>Nat.</strong></span> <span class='ocrx_word' id='word_1_280' title='bbox 514 3048 558 3101; x_wconf 91' lang='lat' dir='ltr'><strong>lib.</strong></span> <span class='ocrx_word' id='word_1_281' title='bbox 566 3049 632 3113; x_wconf 82' lang='lat' dir='ltr'><strong>vll,</strong></span> <span class='ocrx_word' id='word_1_282' title='bbox 682 3050 811 3104; x_wconf 86' lang='lat' dir='ltr'><strong>interdurn</strong></span> <span class='ocrx_word' id='word_1_283' title='bbox 830 3067 914 3108; x_wconf 79' lang='lat' dir='ltr'><strong>tomen</strong></span> <span class='ocrx_word' id='word_1_284' title='bbox 935 3056 1002 3110; x_wconf 86' lang='lat' dir='ltr'><strong>hanc</strong></span> <span class='ocrx_word' id='word_1_285' title='bbox 1023 3059 1123 3114; x_wconf 84' lang='lat' dir='ltr'><strong>videtur</strong></span> <span class='ocrx_word' id='word_1_286' title='bbox 1143 3063 1194 3134; x_wconf 86' lang='lat' dir='ltr'><strong>ipse</strong></span> 
     </span>
     <span class='ocr_line' id='line_1_30' title="bbox 122 3127 1195 3208; baseline 0.017 -35"><span class='ocrx_word' id='word_1_287' title='bbox 122 3127 355 3202; x_wconf 63' lang='lat' dir='ltr'><strong>tap,31‚mhfin.</strong></span> <span class='ocrx_word' id='word_1_288' title='bbox 683 3127 834 3184; x_wconf 71' lang='lat' dir='ltr'><strong>lacessivime</strong></span> <span class='ocrx_word' id='word_1_289' title='bbox 852 3144 876 3183; x_wconf 88' lang='lat' dir='ltr'><strong>ct</strong></span> <span class='ocrx_word' id='word_1_290' title='bbox 897 3135 1089 3208; x_wconf 70' lang='lat' dir='ltr'><strong>provocarim,</strong></span> <span class='ocrx_word' id='word_1_291' title='bbox 1115 3157 1195 3208; x_wconf 88' lang='lat' dir='ltr'><strong>quum</strong></span> 
     </span>
     <span class='ocr_line' id='line_1_31' title="bbox 157 3203 1193 3289; baseline 0.011 -32"><span class='ocrx_word' id='word_1_292' title='bbox 157 3227 180 3257; x_wconf 82' lang='lat'><strong>2.</strong></span> <span class='ocrx_word' id='word_1_293' title='bbox 198 3205 280 3275; x_wconf 77' lang='lat' dir='ltr'><strong>Operi</strong></span> <span class='ocrx_word' id='word_1_294' title='bbox 290 3225 348 3258; x_wconf 85' lang='lat' dir='ltr'><strong>suo.</strong></span> <span class='ocrx_word' id='word_1_295' title='bbox 365 3203 465 3258; x_wconf 86' lang='lat' dir='ltr'><strong>Mundo</strong></span> <span class='ocrx_word' id='word_1_296' title='bbox 481 3204 591 3277; x_wconf 74' lang='lat' dir='ltr'><strong>regendo</strong></span> <span class='ocrx_word' id='word_1_297' title='bbox 611 3217 635 3256; x_wconf 90' lang='lat' dir='ltr'><strong>et</strong></span> <span class='ocrx_word' id='word_1_298' title='bbox 683 3205 711 3256; x_wconf 91' lang='lat' dir='ltr'><strong>in</strong></span> <span class='ocrx_word' id='word_1_299' title='bbox 721 3226 794 3259; x_wconf 84' lang='lat' dir='ltr'><strong>snum</strong></span> <span class='ocrx_word' id='word_1_300' title='bbox 805 3222 892 3280; x_wconf 82' lang='lat' dir='ltr'><strong>sponte</strong></span> <span class='ocrx_word' id='word_1_301' title='bbox 906 3210 1019 3280; x_wconf 88' lang='lat' dir='ltr'><strong>malum,</strong></span> <span class='ocrx_word' id='word_1_302' title='bbox 1031 3213 1096 3282; x_wconf 80' lang='lat' dir='ltr'>bene</span> <span class='ocrx_word' id='word_1_303' title='bbox 1107 3234 1193 3289; x_wconf 77' lang='lat' dir='ltr'><strong>agens,</strong></span> 
     </span>
     <span class='ocr_line' id='line_1_32' title="bbox 123 3283 769 3356; baseline 0 -19"><span class='ocrx_word' id='word_1_304' title='bbox 123 3285 306 3338; x_wconf 78' lang='lat' dir='ltr'><strong>conservando.</strong></span> <span class='ocrx_word' id='word_1_305' title='bbox 320 3284 352 3338; x_wconf 89' lang='lat' dir='ltr'><strong>ld</strong></span> <span class='ocrx_word' id='word_1_306' title='bbox 364 3284 433 3336; x_wconf 86' lang='lat' dir='ltr'><strong>cuim</strong></span> <span class='ocrx_word' id='word_1_307' title='bbox 444 3283 495 3335; x_wconf 85' lang='lat' dir='ltr'><strong>Dei</strong></span> <span class='ocrx_word' id='word_1_308' title='bbox 507 3294 557 3356; x_wconf 90' lang='lat' dir='ltr'><strong>opt.</strong></span> <span class='ocrx_word' id='word_1_309' title='bbox 569 3303 634 3336; x_wconf 81' lang='lat' dir='ltr'><strong>mu.</strong></span> <span class='ocrx_word' id='word_1_310' title='bbox 683 3284 769 3337; x_wconf 75' lang='lat' dir='ltr'><strong>currit</strong></span> 
     </span>
     <span class='ocr_line' id='line_1_33' title="bbox 123 3362 1192 3445; baseline 0.007 -30"><span class='ocrx_word' id='word_1_311' title='bbox 123 3363 253 3438; x_wconf 87' lang='lat' dir='ltr'><strong>proprium</strong></span> <span class='ocrx_word' id='word_1_312' title='bbox 264 3363 373 3415; x_wconf 76' lang='lat' dir='ltr'><strong>maxims</strong></span> <span class='ocrx_word' id='word_1_313' title='bbox 390 3381 484 3414; x_wconf 87' lang='lat' dir='ltr'><strong>munus</strong></span> <span class='ocrx_word' id='word_1_314' title='bbox 499 3374 551 3426; x_wconf 82' lang='lat' dir='ltr'><strong>ost,</strong></span> <span class='ocrx_word' id='word_1_315' title='bbox 571 3362 634 3414; x_wconf 86' lang='lat' dir='ltr'><strong>uni-</strong></span> <span class='ocrx_word' id='word_1_316' title='bbox 716 3365 740 3414; x_wconf 84' lang='lat'><strong>5.</strong></span> <span class='ocrx_word' id='word_1_317' title='bbox 753 3363 890 3418; x_wconf 81' lang='lat' dir='ltr'><strong>Partibus.</strong></span> <span class='ocrx_word' id='word_1_318' title='bbox 904 3367 1066 3443; x_wconf 81' lang='lat' dir='ltr'><strong>Pompeianis</strong></span> <span class='ocrx_word' id='word_1_319' title='bbox 1084 3389 1192 3445; x_wconf 86' lang='lat' dir='ltr'>nempe,</span> 
     </span>
     <span class='ocr_line' id='line_1_34' title="bbox 122 3439 1194 3523; baseline 0.01 -32"><span class='ocrx_word' id='word_1_320' title='bbox 122 3459 192 3492; x_wconf 79' lang='lat' dir='ltr'><strong>versa</strong></span> <span class='ocrx_word' id='word_1_321' title='bbox 201 3440 236 3493; x_wconf 88' lang='lat' dir='ltr'><strong>ita</strong></span> <span class='ocrx_word' id='word_1_322' title='bbox 244 3452 426 3514; x_wconf 85' lang='lat' dir='ltr'><strong>temperarc‚ut</strong></span> <span class='ocrx_word' id='word_1_323' title='bbox 437 3451 535 3491; x_wconf 70' lang='lat' dir='ltr'><strong>servato</strong></span> <span class='ocrx_word' id='word_1_324' title='bbox 544 3439 634 3492; x_wconf 88' lang='lat' dir='ltr'><strong>ordine</strong></span> <span class='ocrx_word' id='word_1_325' title='bbox 683 3459 739 3510; x_wconf 76' lang='lat' dir='ltr'><strong>quae</strong></span> <span class='ocrx_word' id='word_1_326' title='bbox 755 3453 839 3494; x_wconf 85' lang='lat' dir='ltr'><strong>tamen</strong></span> <span class='ocrx_word' id='word_1_327' title='bbox 858 3445 1039 3517; x_wconf 79' lang='lat' dir='ltr'><strong>rempublicam</strong></span> <span class='ocrx_word' id='word_1_328' title='bbox 1057 3458 1082 3500; x_wconf 85' lang='lat' dir='ltr'><strong>et</strong></span> <span class='ocrx_word' id='word_1_329' title='bbox 1093 3447 1194 3523; x_wconf 79' lang='lat' dir='ltr'><strong>imperii</strong></span> 
     </span>
     <span class='ocr_line' id='line_1_35' title="bbox 123 3516 1193 3590; baseline 0.009 -22"><span class='ocrx_word' id='word_1_330' title='bbox 123 3530 147 3569; x_wconf 83' lang='lat' dir='ltr'><strong>ct</strong></span> <span class='ocrx_word' id='word_1_331' title='bbox 154 3517 277 3588; x_wconf 81' lang='lat' dir='ltr'><strong>aequabili</strong></span> <span class='ocrx_word' id='word_1_332' title='bbox 283 3529 355 3570; x_wconf 86' lang='lat' dir='ltr'><strong>moto</strong></span> <span class='ocrx_word' id='word_1_333' title='bbox 364 3530 388 3570; x_wconf 86' lang='lat' dir='ltr'><strong>ct</strong></span> <span class='ocrx_word' id='word_1_334' title='bbox 398 3516 505 3590; x_wconf 77' lang='lat' dir='ltr'><strong>partium</strong></span> <span class='ocrx_word' id='word_1_335' title='bbox 516 3517 633 3570; x_wconf 88' lang='lat' dir='ltr'><strong>omnium</strong></span> <span class='ocrx_word' id='word_1_336' title='bbox 682 3529 792 3572; x_wconf 79' lang='lat' dir='ltr'><strong>veterem</strong></span> <span class='ocrx_word' id='word_1_337' title='bbox 800 3521 910 3573; x_wconf 81' lang='lat' dir='ltr'><strong>lorrnsm</strong></span> <span class='ocrx_word' id='word_1_338' title='bbox 918 3523 1059 3578; x_wconf 85' lang='lat' dir='ltr'><strong>tuebantur.</strong></span> <span class='ocrx_word' id='word_1_339' title='bbox 1069 3525 1120 3578; x_wconf 90' lang='lat' dir='ltr'><strong>Sed</strong></span> <span class='ocrx_word' id='word_1_340' title='bbox 1128 3525 1193 3579; x_wconf 87' lang='lat' dir='ltr'><strong>nihil</strong></span> 
     </span>
     <span class='ocr_line' id='line_1_36' title="bbox 123 3592 1193 3672; baseline 0.007 -24"><span class='ocrx_word' id='word_1_341' title='bbox 123 3608 241 3648; x_wconf 85' lang='lat' dir='ltr'><strong>manento</strong></span> <span class='ocrx_word' id='word_1_342' title='bbox 249 3595 403 3661; x_wconf 83' lang='lat' dir='ltr'><strong>eoncordia,</strong></span> <span class='ocrx_word' id='word_1_343' title='bbox 416 3614 469 3646; x_wconf 93' lang='lat' dir='ltr'><strong>nno</strong></span> <span class='ocrx_word' id='word_1_344' title='bbox 480 3592 568 3661; x_wconf 85' lang='lat' dir='ltr'><strong>verbo,</strong></span> <span class='ocrx_word' id='word_1_345' title='bbox 577 3596 633 3650; x_wconf 72' lang='lat' dir='ltr'><strong>sold</strong></span> <span class='ocrx_word' id='word_1_346' title='bbox 682 3594 775 3648; x_wconf 88' lang='lat' dir='ltr'><strong>mirum</strong></span> <span class='ocrx_word' id='word_1_347' title='bbox 788 3609 825 3649; x_wconf 86' lang='lat' dir='ltr'><strong>est</strong></span> <span class='ocrx_word' id='word_1_348' title='bbox 842 3610 923 3670; x_wconf 84' lang='lat' dir='ltr'><strong>partes</strong></span> <span class='ocrx_word' id='word_1_349' title='bbox 936 3612 960 3651; x_wconf 90' lang='lat' dir='ltr'><strong>et</strong></span> <span class='ocrx_word' id='word_1_350' title='bbox 970 3600 1043 3672; x_wconf 82' lang='lat' dir='ltr'><strong>quasi</strong></span> <span class='ocrx_word' id='word_1_351' title='bbox 1056 3603 1193 3656; x_wconf 77' lang='lat' dir='ltr'><strong>factionem</strong></span> 
     </span>
     <span class='ocr_line' id='line_1_37' title="bbox 122 3671 1192 3745; baseline 0.01 -21"><span class='ocrx_word' id='word_1_352' title='bbox 122 3673 206 3740; x_wconf 65' lang='lat' dir='ltr'><strong>alopas</strong></span> <span class='ocrx_word' id='word_1_353' title='bbox 215 3695 239 3728; x_wconf 71' lang='grc' dir='ltr'>π</span> <span class='ocrx_word' id='word_1_354' title='bbox 249 3675 287 3726; x_wconf 74' lang='lat' dir='ltr'><strong>ul</strong></span> <span class='ocrx_word' id='word_1_355' title='bbox 301 3673 469 3742; x_wconf 73' lang='lat' dir='ltr'><strong>xad’dpposr&#39;ss</strong></span> <span class='ocrx_word' id='word_1_356' title='bbox 480 3690 631 3725; x_wconf 68' lang='lat' dir='ltr'><strong>carentanos</strong></span> <span class='ocrx_word' id='word_1_357' title='bbox 680 3671 727 3724; x_wconf 86' lang='lat' dir='ltr'><strong>hos</strong></span> <span class='ocrx_word' id='word_1_358' title='bbox 735 3673 828 3741; x_wconf 83' lang='lat' dir='ltr'><strong>vocari,</strong></span> <span class='ocrx_word' id='word_1_359' title='bbox 842 3694 905 3745; x_wconf 87' lang='lat' dir='ltr'><strong>quos</strong></span> <span class='ocrx_word' id='word_1_360' title='bbox 912 3675 966 3732; x_wconf 80' lang='lat' dir='ltr'><strong>sols</strong></span> <span class='ocrx_word' id='word_1_361' title='bbox 975 3678 1081 3732; x_wconf 79' lang='lat' dir='ltr'><strong>rebelles</strong></span> <span class='ocrx_word' id='word_1_362' title='bbox 1089 3682 1192 3734; x_wconf 80' lang='lat' dir='ltr'><strong>victoria</strong></span> 
     </span>
     <span class='ocr_line' id='line_1_38' title="bbox 122 3748 826 3822; baseline 0.001 -20"><span class='ocrx_word' id='word_1_363' title='bbox 122 3749 265 3804; x_wconf 86' lang='lat' dir='ltr'><strong>conlieiant.</strong></span> <span class='ocrx_word' id='word_1_364' title='bbox 279 3749 355 3820; x_wconf 69' lang='lat' dir='ltr'><strong>Opus</strong></span> <span class='ocrx_word' id='word_1_365' title='bbox 366 3750 420 3804; x_wconf 81' lang='lat' dir='ltr'><strong>Dei</strong></span> <span class='ocrx_word' id='word_1_366' title='bbox 429 3748 506 3822; x_wconf 76' lang='lat' dir='ltr'><strong>igitur</strong></span> <span class='ocrx_word' id='word_1_367' title='bbox 515 3767 569 3800; x_wconf 93' lang='lat' dir='ltr'><strong>non</strong></span> <span class='ocrx_word' id='word_1_368' title='bbox 579 3760 631 3815; x_wconf 84' lang='lat' dir='ltr'><strong>est,</strong></span> <span class='ocrx_word' id='word_1_369' title='bbox 681 3750 826 3804; x_wconf 76' lang='lat' dir='ltr'><strong>declaravit.</strong></span> 
     </span>
     <span class='ocr_line' id='line_1_39' title="bbox 121 3824 1193 3905; baseline 0.01 -26"><span class='ocrx_word' id='word_1_370' title='bbox 121 3841 148 3879; x_wconf 86' lang='lat' dir='ltr'><strong>nt</strong></span> <span class='ocrx_word' id='word_1_371' title='bbox 167 3827 261 3882; x_wconf 81' lang='lat' dir='ltr'><strong>Gallici</strong></span> <span class='ocrx_word' id='word_1_372' title='bbox 278 3829 414 3894; x_wconf 69' lang='grc' dir='ltr'><strong>ῐδιοτισμοῦ</strong></span> <span class='ocrx_word' id='word_1_373' title='bbox 434 3825 512 3878; x_wconf 82' lang='lat' dir='ltr'><strong>instar</strong></span> <span class='ocrx_word' id='word_1_374' title='bbox 530 3824 631 3889; x_wconf 81' lang='lat' dir='ltr'><strong>dixeris,</strong></span> <span class='ocrx_word' id='word_1_375' title='bbox 714 3827 738 3880; x_wconf 76' lang='grc' dir='ltr'><strong>ὃ.</strong></span> <span class='ocrx_word' id='word_1_376' title='bbox 748 3828 809 3880; x_wconf 85' lang='lat' dir='ltr'><strong>Non</strong></span> <span class='ocrx_word' id='word_1_377' title='bbox 823 3835 910 3884; x_wconf 81' lang='lat' dir='ltr'><strong>semel.</strong></span> <span class='ocrx_word' id='word_1_378' title='bbox 923 3833 1010 3886; x_wconf 84' lang='lat' dir='ltr'><strong>Primo</strong></span> <span class='ocrx_word' id='word_1_379' title='bbox 1019 3835 1133 3905; x_wconf 90' lang='lat' dir='ltr'><strong>quidem,</strong></span> <span class='ocrx_word' id='word_1_380' title='bbox 1144 3837 1193 3890; x_wconf 80' lang='lat' dir='ltr'><strong>Its-</strong></span> 
     </span>
     <span class='ocr_line' id='line_1_40' title="bbox 122 3899 1191 3985; baseline 0.007 -27"><span class='ocrx_word' id='word_1_381' title='bbox 122 3907 231 3960; x_wconf 84' lang='lat' dir='ltr'><strong>usundus</strong></span> <span class='ocrx_word' id='word_1_382' title='bbox 247 3926 262 3957; x_wconf 90' lang='lat' dir='ltr'><strong>a</strong></span> <span class='ocrx_word' id='word_1_383' title='bbox 281 3906 339 3958; x_wconf 88' lang='lat' dir='ltr'><strong>Deo</strong></span> <span class='ocrx_word' id='word_1_384' title='bbox 358 3915 469 3970; x_wconf 84' lang='lat' dir='ltr'><strong>creatus,</strong></span> <span class='ocrx_word' id='word_1_385' title='bbox 486 3901 531 3954; x_wconf 84' lang='lat' dir='ltr'><strong>scd</strong></span> <span class='ocrx_word' id='word_1_386' title='bbox 542 3899 633 3955; x_wconf 82' lang='lat' dir='ltr'><strong>mundi</strong></span> <span class='ocrx_word' id='word_1_387' title='bbox 681 3905 715 3958; x_wconf 87' lang='lat' dir='ltr'><strong>lia</strong></span> <span class='ocrx_word' id='word_1_388' title='bbox 728 3907 953 3981; x_wconf 83' lang='lat' dir='ltr'><strong>adempta,quam</strong></span> <span class='ocrx_word' id='word_1_389' title='bbox 975 3925 1032 3966; x_wconf 85' lang='lat' dir='ltr'><strong>ante</strong></span> <span class='ocrx_word' id='word_1_390' title='bbox 1055 3914 1191 3985; x_wconf 64' lang='lat' dir='ltr'><strong>prelium,</strong></span> 
     </span>
     <span class='ocr_line' id='line_1_41' title="bbox 122 3983 1192 4065; baseline 0.007 -28"><span class='ocrx_word' id='word_1_391' title='bbox 122 3983 287 4038; x_wconf 81' lang='lat' dir='ltr'><strong>conservatio.</strong></span> <span class='ocrx_word' id='word_1_392' title='bbox 679 3998 737 4038; x_wconf 87' lang='lat' dir='ltr'><strong>ante</strong></span> <span class='ocrx_word' id='word_1_393' title='bbox 756 3984 844 4053; x_wconf 81' lang='lat' dir='ltr'><strong>tubos,</strong></span> <span class='ocrx_word' id='word_1_394' title='bbox 857 3987 988 4060; x_wconf 77' lang='lat' dir='ltr'><strong>optimates</strong></span> <span class='ocrx_word' id='word_1_395' title='bbox 1003 4003 1028 4042; x_wconf 87' lang='lat' dir='ltr'><strong>et</strong></span> <span class='ocrx_word' id='word_1_396' title='bbox 1042 3991 1192 4065; x_wconf 81' lang='lat' dir='ltr'><strong>Pompeiani</strong></span> 
     </span>
     <span class='ocr_line' id='line_1_42' title="bbox 158 4061 1192 4142; baseline 0.012 -30"><span class='ocrx_word' id='word_1_397' title='bbox 158 4061 180 4113; x_wconf 82' lang='lat'><strong>3.</strong></span> <span class='ocrx_word' id='word_1_398' title='bbox 197 4063 261 4116; x_wconf 84' lang='lat' dir='ltr'><strong>Par.</strong></span> <span class='ocrx_word' id='word_1_399' title='bbox 277 4065 288 4131; x_wconf 87' lang='lat'>(</span> <span class='ocrx_word' id='word_1_400' title='bbox 302 4061 370 4116; x_wconf 83' lang='lat' dir='ltr'><strong>Gall.</strong></span> <span class='ocrx_word' id='word_1_401' title='bbox 382 4063 496 4132; x_wconf 83' lang='lat' dir='ltr'><strong>couple).</strong></span> <span class='ocrx_word' id='word_1_402' title='bbox 514 4061 630 4114; x_wconf 83' lang='lat' dir='ltr'><strong>Duomm</strong></span> <span class='ocrx_word' id='word_1_403' title='bbox 679 4061 838 4134; x_wconf 87' lang='lat' dir='ltr'><strong>dereliquere</strong></span> <span class='ocrx_word' id='word_1_404' title='bbox 848 4085 856 4128; x_wconf 71' lang='grc' dir='ltr'>ς</span> <span class='ocrx_word' id='word_1_405' title='bbox 867 4085 946 4134; x_wconf 82' lang='lat' dir='ltr'><strong>mox,</strong></span> <span class='ocrx_word' id='word_1_406' title='bbox 964 4067 1086 4142; x_wconf 82' lang='lat' dir='ltr'><strong>Hispania</strong></span> <span class='ocrx_word' id='word_1_407' title='bbox 1099 4070 1192 4142; x_wconf 81' lang='lat' dir='ltr'><strong>subju-</strong></span> 
     </span>
     <span class='ocr_line' id='line_1_43' title="bbox 123 4141 1191 4218; baseline 0.008 -26"><span class='ocrx_word' id='word_1_408' title='bbox 123 4141 240 4206; x_wconf 65' lang='lat' dir='ltr'><strong>aciem,</strong></span> <span class='ocrx_word' id='word_1_409' title='bbox 254 4153 282 4192; x_wconf 90' lang='lat' dir='ltr'><strong>nt</strong></span> <span class='ocrx_word' id='word_1_410' title='bbox 293 4142 415 4194; x_wconf 64' lang='lat' dir='ltr'><strong>invictum</strong></span> <span class='ocrx_word' id='word_1_411' title='bbox 428 4160 482 4210; x_wconf 84' lang='lat' dir='ltr'><strong>par</strong></span> <span class='ocrx_word' id='word_1_412' title='bbox 496 4143 631 4193; x_wconf 82' lang='lat' dir='ltr'><strong>consulum</strong></span> <span class='ocrx_word' id='word_1_413' title='bbox 679 4153 751 4212; x_wconf 78' lang='lat' dir='ltr'><strong>gato,</strong></span> <span class='ocrx_word' id='word_1_414' title='bbox 771 4155 824 4200; x_wconf 84' lang='lat' dir='ltr'><strong>tum</strong></span> <span class='ocrx_word' id='word_1_415' title='bbox 835 4142 957 4217; x_wconf 80' lang='lat' dir='ltr'><strong>Pompeio</strong></span> <span class='ocrx_word' id='word_1_416' title='bbox 964 4146 1031 4218; x_wconf 81' lang='lat' dir='ltr'><strong>apud</strong></span> <span class='ocrx_word' id='word_1_417' title='bbox 1043 4147 1191 4200; x_wconf 78' lang='lat' dir='ltr'><strong>Pharsalum</strong></span> 
     </span>
     <span class='ocr_line' id='line_1_44' title="bbox 125 4217 1196 4295; baseline 0.008 -25"><span class='ocrx_word' id='word_1_418' title='bbox 125 4217 216 4271; x_wconf 78' lang='lat' dir='ltr'><strong>Patere.</strong></span> <span class='ocrx_word' id='word_1_419' title='bbox 232 4220 273 4284; x_wconf 85' lang='lat'><strong>11,</strong></span> <span class='ocrx_word' id='word_1_420' title='bbox 293 4219 342 4286; x_wconf 57' lang='grc' dir='ltr'><strong>ὣς</strong></span> <span class='ocrx_word' id='word_1_421' title='bbox 358 4217 410 4274; x_wconf 80' lang='lat' dir='ltr'><strong>sire</strong></span> <span class='ocrx_word' id='word_1_422' title='bbox 427 4218 584 4286; x_wconf 79' lang='lat' dir='ltr'><strong>amicorum,</strong></span> <span class='ocrx_word' id='word_1_423' title='bbox 603 4231 631 4270; x_wconf 88' lang='lat' dir='ltr'><strong>nt</strong></span> <span class='ocrx_word' id='word_1_424' title='bbox 679 4219 707 4270; x_wconf 92' lang='lat' dir='ltr'><strong>in</strong></span> <span class='ocrx_word' id='word_1_425' title='bbox 719 4221 805 4292; x_wconf 74' lang='lat' dir='ltr'><strong>lugam</strong></span> <span class='ocrx_word' id='word_1_426' title='bbox 823 4220 937 4292; x_wconf 80' lang='lat' dir='ltr'><strong>conjecto</strong></span> <span class='ocrx_word' id='word_1_427' title='bbox 951 4263 958 4291; x_wconf 86' lang='lat'><strong><em>,</em></strong></span> <span class='ocrx_word' id='word_1_428' title='bbox 971 4243 1078 4295; x_wconf 78' lang='lat' dir='ltr'><strong>moxque</strong></span> <span class='ocrx_word' id='word_1_429' title='bbox 1094 4225 1196 4291; x_wconf 75' lang='lat' dir='ltr'><strong>occia03</strong></span> 
     </span>
    </p>
   </div>
   <div class='ocr_carea' id='block_1_4' title="bbox 0 0 1410 4898">
    <p class='ocr_par' dir='ltr' id='par_1_4' title="bbox 0 0 1410 4898">
     <span class='ocr_line' id='line_1_45' title="bbox 0 0 1410 4898; baseline 0 0"><span class='ocrx_word' id='word_1_430' title='bbox 0 0 1410 4898; x_wconf 95' lang='lat' dir='ltr'><strong> </strong></span> 
     </span>
    </p>
   </div>
  </div>
 </body>
</html>
