2838 4900
264 441 305 507 32
535 437 604 506 DE
629 437 1023 508 PROVIDENTIA

263 567 399 636 efficere
415 566 542 658 possit,
558 569 663 649 scies,
681 569 709 634 si
723 565 940 660 adspexeris,
957 581 1121 659 quantum
1136 557 1336 640 nationibus¹

262 681 363 750 nudis
379 699 414 750 et
433 683 548 774 inopia
568 682 789 763 fortioribus,
809 681 905 749 labor
924 699 1072 775 praestet.
1096 685 1223 753 Omnes
1246 710 1329 753 con-

262 796 375 864 sidera
393 812 526 890 gentes,
548 797 583 862 in
598 797 721 887 quibus
735 799 885 864 Romana
898 819 963 888 pax
978 795 1102 866 desinit
1119 826 1126 865 :
1143 803 1330 869 Germanos

263 913 361 996 dico,
380 927 415 980 et
432 911 602 1005 quidquid
620 913 711 980 circa
726 913 850 980 Istrum
870 937 1031 1006 vagarum
1051 917 1201 1008 gentium
1217 941 1331 984 occur

262 1045 324 1096 sat.
346 1030 514 1120 Perpetua
531 1027 606 1094 illos
623 1027 752 1109 hiems,
771 1028 866 1095 triste
881 1027 999 1096 caelum
1016 1031 1163 1122 premit,
1181 1031 1330 1125 maligne

262 1146 369 1214 solum
387 1143 502 1212 sterile
516 1157 703 1224 sustentat,
721 1142 864 1212 imbrem
878 1143 988 1212 culmo
1006 1160 1065 1213 aut
1078 1145 1198 1214 fronde
1212 1147 1331 1216 defen-

264 1259 371 1340 dunt,
392 1281 495 1351 super
513 1256 634 1325 durata
649 1257 756 1350 glacie
771 1275 889 1351 stagna
903 1258 1112 1351 persultant,
1132 1264 1170 1330 in
1186 1259 1331 1332 alimen-

144 1393 149 1408 ·
209 1372 1326 1466 14tumfernscaptant¹.Miseritibividenturlnihilmiserumest,

265 1489 357 1584 quod
376 1493 411 1558 in
434 1505 589 1557 naturam
610 1488 817 1557 consuetudo
839 1488 1016 1581 perduxit3
1039 1492 1214 1584 paullatim
1237 1487 1329 1562 enim

264 1601 427 1696 voluptati
445 1617 546 1685 sunt,
565 1627 641 1693 quae
658 1603 857 1670 necessitate
870 1619 1059 1695 coeperunt.
1077 1605 1177 1672 Nulla
1191 1607 1259 1676 illis
1274 1607 1330 1676 do-

265 1721 407 1801 micilia,
424 1719 526 1786 nullae
536 1717 634 1786 sedes
645 1733 740 1800 sunt,
765 1720 830 1786 nisi
850 1743 934 1809 quas
947 1719 1108 1788 lassitudo
1121 1723 1157 1788 in
1168 1721 1259 1790 diem
1275 1747 1329 1818 po·

265 1837 350 1921 suit,
363 1835 463 1916 vilis,
485 1834 586 1901 ethic
596 1832 799 1925 quaerendus
809 1847 928 1916 manu,
944 1836 1071 1920 victus,
1087 1836 1259 1906 horrenda
1268 1840 1330 1906 ini-

264 1950 376 2040 quitas
393 1947 486 2028 caeli,
508 1946 634 2013 intecta
648 1967 789 2039 corpora
806 1971 814 2012 :
832 1947 897 2014 hoc
910 1947 1002 2037 quod
1017 1948 1078 2015 tibi
1094 1949 1265 2019 calamitas
1278 1953 1330 2019 vi-

211 2091 239 2140 15
265 2067 385 2147 detur,
403 2079 450 2133 tot
465 2065 615 2156 gentium
629 2064 697 2130 vita
711 2079 773 2130 est.
791 2062 887 2154 Quid
901 2065 1034 2132 miraris
1047 2065 1153 2133 bonos
1164 2069 1274 2151 viros,
1291 2083 1330 2136 ut

265 2185 525 2263 confirmentur,
546 2181 680 2247 concuti
693 2182 792 2248 PNon
805 2195 856 2248 est
869 2179 971 2249 arbor
984 2181 1108 2264 solida,
1127 2173 1326 2269 nec‘fortis,

264 2299 330 2365 nisi
350 2299 385 2364 in
403 2320 504 2388 quam
524 2295 684 2387 frequens
697 2311 817 2363 ventus
836 2296 986 2364 incursat
1001 2323 1008 2363 :
1026 2299 1098 2391 ipsa
1118 2299 1209 2366 enim
1226 2325 1329 2368 vexa-

264 2411 355 2478 tione
367 2411 623 2502 constringitur,
637 2425 671 2477 et
684 2407 815 2477 radices
828 2412 953 2478 certius
967 2411 1054 2504 figit.
1068 2413 1222 2506 Fragiles
1233 2430 1326 2498 sunt,

264 2547 340 2618 quse
360 2527 395 2593 in
414 2527 529 2619 aprica
542 2526 629 2595 valle
646 2541 838 2593 creverunt.
857 2529 922 2593 Pro
941 2528 1023 2620 ipsis
1037 2551 1120 2622 ergo
1134 2528 1232 2597 bonis
1245 2531 1328 2600 viris

264 2658 335 2723 est,
357 2657 396 2710 ut
409 2665 483 2710 esse
505 2641 653 2709 interriti
675 2641 826 2732 possint,
849 2641 990 2708 multum
1008 2644 1099 2710 inter
1112 2643 1328 2714 formidolosa

263 2760 410 2842 versari,
434 2774 469 2826 et
492 2781 589 2849 aequo
608 2758 720 2826 animo
738 2755 828 2824 ferre
851 2781 927 2849 quac
944 2782 1012 2826 non
1032 2775 1111 2827 sunt
1130 2762 1234 2843 mala,
1262 2765 1326 2831 nisi

263 2874 350 2941 male
369 2875 559 2941 sustinenti.

311 2989 353 3053 V.
367 2985 598 3080 Adjicennnc,
616 2985 707 3078 quod
715 3009 777 3079 pro
788 2986 944 3054 omnibus
953 3003 1023 3070 est,
1040 2989 1202 3080 optimum
1213 3014 1329 3081 quem·

175 3083 179 3094 ¹
263 3127 381 3194 quem,
398 3118 436 3169 ut
454 3103 501 3168 ita
515 3102 643 3183 dicam,
667 3102 836 3183 militare,
860 3117 894 3168 et
917 3100 1018 3170 edere
1036 3126 1168 3198 operas.
1187 3107 1260 3172 Hoc
1277 3120 1328 3172 est

261 3219 469 3310 propositum
485 3217 576 3300 Deo,
594 3215 685 3308 quod
699 3217 841 3310 sapienti
856 3217 950 3298 viro,
971 3215 1149 3286 ostendere
1162 3219 1235 3286 haec
1249 3245 1326 3312 quae

261 3334 383 3426 vulgus
392 3334 543 3427 appetit,
561 3357 637 3424 qum
647 3331 856 3414 reformidat,
870 3355 934 3400 nec
945 3332 1034 3401 bona
1042 3359 1128 3417 esse,
1140 3359 1204 3403 nec
1214 3338 1303 3404 mala
1315 3363 1323 3402 ε

260 3448 472 3540 apparebunt
488 3463 599 3516 autem
621 3447 709 3514 bona
732 3471 826 3530 esse,
848 3449 875 3515 si
894 3445 950 3514 illa
965 3473 1033 3518 non
1047 3451 1112 3518 nisi
1132 3449 1230 3518 bonis
1243 3453 1325 3520 viris

297 3659 317 3691 ι.
327 3638 682 3708 Perpemaetlos.....caprant.
691 3638 767 3690 strui·
817 3639 1210 3710 gentesquibusuberiussolum‚
1230 3643 1327 3696 etGal·

261 3714 291 3766 lis
302 3717 353 3770 iere
365 3716 497 3789 descriptio
510 3729 545 3768 est
556 3713 703 3768 Germanici
712 3714 767 3766 caeli
817 3715 877 3768 liam
885 3716 960 3768 stiam
973 3716 1049 3790 longe
1060 3729 1159 3790 praestat
1173 3719 1325 3787 Britannis,

260 3793 326 3865 apud
334 3794 459 3858 Tacitum,
472 3794 503 3846 de
515 3813 579 3844 mor.
591 3793 678 3845 Germ.
689 3813 767 3863 qnam
817 3793 857 3845 tui
874 3793 1052 3866 frigidissimus
1074 3809 1110 3848 est
1124 3816 1167 3852 ser
1180 3810 1205 3848 et
1221 3799 1326 3870 frugum

259 3871 341 3924 adeas.
360 3871 436 3940 Quod
455 3872 488 3923 ad
505 3873 655 3924 sententiam
666 3871 767 3923 univer·
817 3870 900 3922 minus
912 3873 1326 3932 secundatellm.Tantoindustria

148 3953 153 3957 ’
259 3969 312 4002 sam
333 3962 357 4002 et
376 3969 429 4002 rem
449 3961 561 4020 spectat,
582 3949 711 4001 advortere
731 3962 768 4002 est
817 3947 923 4006 etlahor
936 3949 1044 4022 pollent!

260 4029 328 4082 idem
344 4042 369 4082 et
379 4027 508 4082 hodiernis
521 4029 632 4080 evenisse
647 4028 768 4102 tempori-
850 4028 881 4080 V·
902 4031 971 4080 Atta.
992 4029 1067 4083 Bono
1086 4031 1141 4096 viro
1163 4033 1325 4092 incommoda

260 4108 313 4160 bus.
333 4109 448 4177 Namque
462 4120 487 4159 et
504 4107 580 4161 ditior
590 4106 670 4159 multo
683 4120 766 4160 nostra
817 4127 917 4178 quoque
930 4121 1058 4180 tamquam
1069 4110 1136 4164 bona
1147 4112 1284 4178 eveniunt,
1297 4127 1326 4165 ut

260 4185 345 4239 Gallia
357 4198 392 4240 est
407 4205 484 4255 quam
495 4185 617 4257 Hispania
631 4204 659 4254 sc
675 4185 765 4239 tulicae
816 4187 934 4242 omnibus
944 4188 1039 4242 bonum
1054 4190 1194 4261 exemplum
1209 4191 1326 4263 praeheat.
